3442 5314
343 427 363 492 6
695 421 720 475 2.
752 418 942 490 Praepositum
959 417 989 472 in
1008 417 1207 488 Sindellingen.

343 583 492 648 iudicium
529 582 669 668 generali
699 601 823 646 necnon
858 579 1098 662 quibuscunque
1128 579 1305 665 priuilegiis
1337 579 1548 664 indulgenoiis

340 691 372 752 ct
400 687 515 752 litteris
538 687 716 772 apostolicis
753 683 953 770 generalibus
986 683 1036 746 vel
1059 682 1259 766 specialibus,
1293 705 1550 767 quonrrncunqne

340 795 485 856 tenorum
509 792 656 866 existant¹
680 812 737 874 per
761 811 822 874 que
845 788 1047 872 presentibus
1069 779 1134 852 non
1166 809 1313 872 expressa
1334 789 1386 853 uel
1407 789 1550 855 totaliter

340 919 404 961 non
420 895 547 973 inserta,
564 897 691 961 effectus
706 916 814 959 earum
826 893 973 978 impediri
988 893 1092 958 ualeat
1107 893 1341 977 quomodolibet
1357 894 1408 958 uel
1426 893 1548 958 differri

339 1006 371 1066 et
400 1001 438 1066 de
466 1001 581 1085 quibus
611 1019 807 1084 quorumque
839 999 916 1062 totis
948 998 1111 1062 tenoribus
1134 997 1278 1062 habenda
1300 999 1342 1063 sit
1374 999 1407 1062 in
1431 999 1547 1064 nostris

338 1105 455 1170 litteris
485 1105 604 1169 mentio
632 1103 786 1189 specialis.
849 1101 916 1166 Aut
946 1103 973 1165 si
1001 1102 1105 1185 priori·
1128 1107 1160 1166 et
1193 1101 1372 1168 Conuentui
1406 1103 1548 1187 erigendi

339 1209 524 1274 Monasterii
546 1208 725 1272 huiusmodi
748 1230 767 1271 a
789 1206 931 1291 predicta
952 1207 995 1270 sit
1018 1206 1088 1270 sede
1111 1207 1282 1285 indultum,
1307 1206 1392 1290 quod
1413 1207 1453 1272 ad
1474 1230 1547 1292 pre·

340 1315 511 1379 stacionem
527 1313 579 1377 uel
595 1313 785 1376 solutionem
803 1311 934 1376 alicuius
950 1312 1111 1394 pensionis
1126 1311 1256 1376 minime
1271 1315 1439 1376 teneantur
1461 1312 1547 1376 etad

341 1417 373 1482 id
406 1417 553 1501 compelli
576 1421 630 1480 aut
662 1417 745 1500 quod
768 1415 913 1478 interdici
943 1415 1092 1499 suspendi
1122 1416 1173 1479 uel
1197 1417 1459 1482 excommunicari
1481 1439 1545 1482 non

340 1520 462 1606 possint
484 1543 540 1606 per
561 1521 683 1584 litteras
699 1519 887 1604 apostolicas
902 1540 966 1584 non
990 1519 1141 1584 facientes
1163 1520 1290 1604 plenam
1313 1525 1345 1584 et
1369 1542 1547 1615 expressam

340 1647 375 1690 ac
397 1626 435 1689 de
457 1626 554 1689 uerbo
577 1625 616 1689 ad
638 1625 771 1689 uerbum
793 1625 830 1689 de
854 1626 978 1690 indulto
994 1625 1173 1690 huiusmodi
1195 1627 1398 1692 mencionem.

427 1729 581 1795 Volumus
598 1734 712 1808 autem,
737 1730 820 1814 quod
845 1731 872 1796 si
895 1731 1045 1794 unionem
1078 1732 1289 1796 annexionem
1310 1737 1342 1798 ct
1364 1732 1545 1818 incorpora·

341 1835 462 1900 tionem
485 1834 665 1899 huiusmodi
695 1858 752 1920 per
774 1840 806 1899 te
827 1835 937 1921 uigore
959 1837 1154 1919 presentium
1176 1835 1245 1900 fieri
1268 1837 1453 1922 eontigerit,
1487 1836 1545 1902 Ga·

340 1940 508 2003 nonicatus
544 1944 575 2003 et
605 1940 763 2023 prebende
800 1961 835 2008 oc
861 1941 967 2004 decem
1001 1939 1184 2025 Capellanie
1217 1942 1397 2006 huiusmodi
1431 1942 1545 2008 debitis

340 2046 507 2127 propterea
529 2065 594 2108 non
616 2043 803 2108 fraudentur
825 2045 996 2128 obsequiis,
1021 2045 1075 2108 sed
1098 2045 1226 2110 illorum
1249 2068 1387 2132 congrue
1408 2069 1544 2130 suppor-

337 2151 445 2212 tentur
467 2170 563 2212 onera
585 2152 740 2212 consucta.
775 2148 908 2213 Attente
924 2171 1111 2233 quaesumus
1127 2152 1302 2233 prouidens,
1326 2173 1366 2216 ne
1381 2151 1415 2216 in
1439 2152 1538 2237 resig-

343 2254 527 2320 nationibus
550 2253 738 2332 huiusmodi,
762 2255 788 2317 si
809 2255 890 2318 fiant
916 2275 954 2318 ex
976 2259 1067 2338 parte
1089 2255 1202 2337 prioris
1224 2259 1257 2319 et
1280 2255 1461 2320 Conuentue
1484 2257 1544 2320 eri-

343 2359 439 2446 gendi
472 2357 657 2422 Monasterii
689 2361 721 2422 ct
752 2359 984 2444 resignantium
1018 2359 1230 2442 predictorum
1264 2361 1371 2444 aliqua
1403 2361 1544 2446 prauitas

342 2463 538 2528 interueniat
560 2483 614 2526 sen
643 2463 737 2526 etiam
760 2463 948 2547 corruptela,
972 2467 1003 2526 et
1026 2463 1154 2548 insuper
1176 2485 1213 2528 ex
1236 2487 1322 2530 nnnc
1344 2466 1470 2530 irritum
1492 2466 1545 2530 de·

338 2569 495 2633 cemimus
518 2569 549 2630 et
572 2567 674 2644 inane,
699 2567 727 2630 si
748 2589 837 2632 secus
860 2589 953 2651 super
976 2567 1025 2631 his
1048 2589 1248 2652 equaquam
1272 2571 1383 2653 queuis
1406 2570 1542 2638 auctori-

338 2677 405 2736 tate
426 2672 560 2736 scienter
582 2672 633 2735 uel
655 2671 842 2756 ignoranter
865 2672 1038 2757 contigerit
1059 2673 1254 2757 attemptari.

433 2775 553 2840 Datum
582 2775 683 2840 Rome
711 2777 795 2859 apud
830 2775 859 2841 S.
893 2776 1024 2840 Petrum
1053 2776 1150 2842 Anno
1181 2777 1414 2843 Incurnacionis
1443 2779 1543 2842 domi-

338 2882 407 2946 nice
437 2879 719 2946 Muuocuxxvr
752 2880 863 2964 quinto
899 2881 969 2945 idus
992 2881 1068 2946 Maii
1091 2882 1296 2966 pontificatus
1322 2883 1424 2947 nostri
1448 2881 1543 2948 Auno

339 2985 459 3069 quinto.

412 3193 444 3246 Κ.
464 3192 665 3248 Staatsarchiv.
703 3192 847 3248 Abschrift
865 3193 895 3248 in
920 3194 970 3248 der
988 3193 1182 3250 Bebanhuuser
1200 3195 1383 3250 Handscbrift
1400 3196 1422 3252 1.
1441 3199 1474 3252 25
1493 3196 1543 3250 der

340 3279 523 3348 Koniglinben
538 3278 787 3334 Handbibliothelr.
810 3311 835 3320 -
858 3279 909 3336 Die
925 3280 1004 3335 Bullc
1028 3280 1121 3335 istan
1140 3281 1193 3336 den
1213 3282 1271 3336 Abt
1292 3301 1347 3336 von
1365 3282 1543 3336 Blaubeuren

337 3364 493 3436 gerichtet,
517 3366 566 3420 der
589 3367 619 3420 in
644 3367 698 3420 den
723 3366 872 3437 folgenden
895 3367 1105 3422 Aktenstlicken
1134 3369 1175 3423 als
1204 3369 1472 3440 Bevcllmtcbtigter
1496 3367 1543 3422 des

337 3451 454 3522 Papstes
473 3453 597 3507 austu-itt.
