3460 5314
599 461 716 520 Statuta
737 463 802 520 1477
822 481 849 520 u.
864 463 940 520 1505.
1306 469 1369 534 363

538 621 662 688 Decano
685 623 859 708 promoturi
881 644 990 687 omnes
1014 645 1110 688 vnum
1133 625 1288 690 florenum
1312 649 1369 710 pro

206 723 444 810 Magistrandus
599 727 727 794 birreto.

196 853 268 896 vero
300 833 461 918 persoluat
535 831 672 898 Cuilibet
693 835 896 918 respondenti
915 855 1012 898 vnum
1029 836 1185 900 birretum
1208 836 1242 900 in
1265 837 1370 901 valore

599 937 722 1002 dimidii
744 938 857 1002 floreni
880 939 1034 1003 adminus.

262 1039 342 1106 Item
366 1043 428 1108 duo
459 1045 555 1131 primi
578 1041 791 1128 Magistrandi
815 1043 987 1128 Magistros
1015 1048 1221 1129 temptatores
1244 1048 1276 1108 et
1299 1066 1372 1108 exa·

170 1143 339 1210 minatores
363 1147 396 1212 in
419 1149 546 1216 birretis
564 1147 775 1226 honorabunt,
800 1147 894 1212 sicuti
918 1148 1070 1213 hactenns
1085 1152 1135 1212 est
1158 1148 1368 1213 obseruatum.

255 1247 414 1315 Sexto¹
447 1255 580 1333 iurabit,
617 1253 699 1338 quod
733 1253 948 1336 complere
970 1254 1048 1318 velit
1069 1275 1187 1318 annum
1210 1253 1371 1338 integrum

172 1353 379 1420 inmediatum
402 1363 474 1442 post
496 1381 586 1424 suam
609 1357 842 1444 promocionem
865 1358 918 1423 hic
940 1358 974 1421 in
990 1358 1141 1422 facultate
1163 1363 1220 1422 aut
1233 1358 1371 1424 Vniuer-

171 1457 272 1522 sitate.
318 1459 464 1527 Declarat
488 1469 594 1530 autem
617 1463 752 1530 facultas
773 1463 858 1528 hunc
880 1463 1037 1546 complere
1059 1462 1261 1548 Magistrum,
1285 1463 1370 1527 vide·

170 1561 242 1627 licet
264 1565 319 1646 qui
342 1567 462 1632 tociens
485 1569 645 1634 ordinarie
667 1569 892 1652 disputationi,
927 1567 1075 1651 quociens
1112 1568 1215 1652 ipsum
1239 1568 1315 1632 ordo
1338 1569 1371 1632 in

170 1687 252 1730 anno
275 1690 364 1734 suam
386 1673 621 1756 promocionem
645 1673 825 1738 immediate
855 1675 1005 1756 sequente
1036 1694 1090 1736 seu
1122 1673 1155 1736 in
1179 1694 1263 1736 anno
1287 1693 1372 1737 com-

174 1769 325 1854 plecionis
355 1776 514 1861 tetigerit,
548 1784 580 1843 et
601 1783 745 1863 preterca
768 1781 881 1861 quater
904 1777 1169 1854 extraordinarie,
1202 1777 1371 1842 Baccalau·

176 1896 264 1940 reum
295 1898 385 1957 vero,
420 1882 446 1945 si
475 1882 595 1946 tociens
626 1882 784 1948 ordinarie
815 1883 980 1948 dominicis
1010 1881 1119 1946 diebus
1149 1882 1370 1966 disputauerit,

174 1980 322 2062 quociens
351 1983 455 2070 ipsum
485 1987 519 2050 in
551 2007 652 2062 unno,
686 1986 719 2049 in
750 2009 812 2070 quo
848 1987 1005 2071 complere
1033 1985 1125 2049 debet
1158 1991 1191 2050 et
1211 1987 1371 2072 proponit,

175 2085 251 2148 ordo
273 2088 425 2173 tetigerit,
449 2091 616 2174 quinquies
639 2113 763 2175 quoque
778 2090 1027 2156 extraordinarie
1042 2091 1076 2154 in
1101 2088 1371 2176 quadragesimat

261 2279 271 2315 ¹
290 2285 345 2342 Der
363 2288 468 2344 Absatz
487 2289 567 2345 fehlt.

259 2383 272 2422 ²
294 2385 331 2450 B.
354 2393 424 2447 ltsst
442 2393 502 2448 hier
520 2395 587 2450 zwei
606 2395 718 2450 weitere
737 2394 809 2449 'fitel
830 2394 943 2465 folgen:

168 2559 222 2626 De
243 2561 445 2646 prandijs
479 2563 767 2628 conducendis
790 2567 829 2628 et
852 2561 1097 2646 hospitibus
1120 2561 1370 2626 incitandis.

254 2702 399 2768 Decanus
431 2725 489 2788 pro
519 2708 660 2790 tempore
689 2725 752 2768 rna
776 2725 846 2766 cum
869 2701 1020 2766 facultate
1042 2701 1080 2766 de
1103 2701 1249 2786 expensis
1272 2723 1369 2784 pran-

167 2805 291 2872 diorum
313 2807 507 2886 deliberare,
539 2809 694 2892 hospitem
725 2807 757 2870 in
793 2806 904 2871 facicm
927 2805 1088 2871 facultatis
1111 2827 1221 2870 vocare
1244 2809 1276 2870 et
1299 2826 1371 2870 curn

166 2933 202 2976 eo
224 2912 395 2977 conuenire
418 2911 519 2977 debet.

254 3017 336 3081 Item
358 3017 397 3082 ad
420 3017 588 3102 prandium
620 3016 959 3083 baccalaureaudorunr
990 3014 1146 3079 innitetur
1175 3019 1279 3080 rector
1302 3015 1373 3077 vni·

167 3121 347 3199 uersitatis,
378 3121 512 3188 decanus
534 3126 566 3186 et
589 3123 736 3207 magistri
761 3121 799 3185 de
820 3120 950 3186 consilio
974 3119 1034 3184 fac.
1058 3121 1195 3196 artium,
1220 3124 1254 3184 vt
1276 3140 1373 3203 supra

171 3225 203 3289 in
226 3225 322 3290 titulo
344 3226 383 3291 de
404 3226 582 3292 iuramento
605 3227 941 3292 baccalaureandorum
966 3229 1042 3289 ante
1065 3224 1372 3289 determinationem.

254 3330 301 3394 Ex
325 3331 517 3398 liberalitate
539 3337 645 3398 tamen
669 3331 839 3415 aliquando
855 3329 1062 3393 cancellarius
1077 3329 1182 3393 vocari
1198 3327 1371 3393 consueuit.

254 3434 336 3499 Item
359 3437 478 3502 domini
513 3437 807 3520 superintendentes
838 3434 1008 3518 aliquando
1042 3457 1079 3496 ex
1104 3433 1294 3497 liberalitate
1316 3453 1372 3495 vo·

169 3539 231 3603 cati
253 3543 346 3618 sunt,
379 3542 434 3624 qui
465 3542 514 3606 ius
537 3542 652 3605 habere
674 3563 706 3604 se
730 3540 978 3624 pretenderunt,
1013 3542 1047 3602 vt
1076 3537 1211 3602 habetur
1233 3537 1267 3600 in
1291 3535 1373 3600 libro

171 3665 287 3729 magno
310 3644 387 3709 folio
411 3649 452 3709 54
469 3645 495 3710 *.

255 3748 337 3814 Item
361 3749 567 3834 baccalaureij
591 3750 711 3815 nouelli
734 3749 868 3834 prandio
888 3770 943 3812 sua
966 3748 1146 3830 persoluere
1168 3749 1319 3811 tenentur
1342 3749 1374 3809 et

168 3855 303 3936 prandio
325 3855 479 3921 conducto
495 3856 655 3933 interesse,
673 3855 736 3920 uisi
752 3856 921 3938 paupertas
938 3853 1062 3917 eosdem
1077 3855 1249 3916 excusaret.
1286 3849 1376 3913 Tunc

168 3959 293 4024 reniam
316 3960 432 4026 habere
455 3964 487 4025 et
508 3960 646 4044 recipere
673 3959 788 4024 debent
811 3981 829 4022 a
852 3957 978 4022 decano.

255 4064 337 4129 Item
361 4066 512 4151 magister
534 4087 724 4149 promonens
758 4061 1039 4128 baccalaureandos
1067 4059 1166 4125 eciam
1196 4060 1316 4145 gratias
1339 4059 1374 4124 in

173 4169 307 4251 prandio
330 4191 423 4255 agere
446 4169 547 4235 debet.

240 4343 253 4371 ⁸
272 4341 366 4397 Dieses
386 4359 515 4412 grosse
533 4342 628 4396 Buch
647 4341 691 4405 ist,
711 4341 763 4395 wie
781 4338 831 4394 das
851 4337 928 4391 Oitat
947 4337 1085 4400 anaweist
1104 4336 1154 4391 der
1173 4335 1252 4391 Band
1271 4335 1375 4390 Sanc·

170 4425 288 4482 tiones
312 4431 347 4482 et
372 4429 528 4485 Statuta
556 4429 629 4483 Iach
649 4429 716 4492 XV,
738 4430 778 4482 17.
822 4425 878 4480 Der
905 4423 1048 4479 eruthnte
1066 4422 1187 4490 Eintrag
1211 4421 1249 4475 iat
1277 4422 1375 4478 arrad.

171 4511 196 4564 J.
217 4513 292 4568 1506.
