3504 5322
715 499 832 554 Statuta
851 501 927 556 1536.

308 659 456 724 Ministro
479 659 605 743 publico
629 659 759 723 cruciati
783 656 899 722 XXIV.

308 764 347 829 In
370 769 515 850 sumptus
539 766 682 850 epulares
706 765 811 829 florini
834 769 910 828 tres.

310 870 360 934 Ad
383 870 551 953 prandium
575 869 758 934 Aristotelis
782 869 900 954 singuli
922 869 1071 935 florinum
1093 894 1200 936 unum.

309 975 434 1040 Decano
456 975 647 1040 laudationis
668 977 796 1041 nomine
812 975 939 1040 dabitur
954 976 993 1039 ab
1010 975 1164 1038 uniuersis
1178 975 1309 1040 florinus
1325 1000 1416 1042 unus,

308 1079 419 1145 Eidem
442 1081 661 1165 inscriptionis
685 1083 812 1146 nomine
835 1081 966 1146 cruciati
989 1079 1080 1145 VIII.

308 1185 346 1251 In
370 1187 493 1251 solenni
516 1187 737 1252 declarationis
760 1187 941 1252 celebritate
972 1187 1062 1251 nouis
1086 1185 1248 1271 Magistris
1271 1186 1309 1250 ad
1332 1209 1416 1270 quae·

221 1293 357 1356 stionem
380 1291 520 1376 aliquam
543 1292 724 1376 responderi
747 1292 836 1357 solet.

308 1398 377 1462 Hoc
399 1399 454 1462 fiet
476 1419 494 1462 a
518 1397 775 1462 beneuolentibus
792 1402 824 1462 et
839 1398 975 1462 inductis
999 1417 1091 1460 sensu
1106 1395 1325 1474 humanitatis,
1352 1419 1416 1463 non

221 1504 382 1569 conductis
415 1502 524 1588 pileoli
547 1503 706 1582 mercede,
738 1503 834 1567 etiam
863 1503 888 1566 ii
911 1503 965 1586 qui
995 1501 1125 1584 reliquis
1149 1502 1418 1567 anteferenturet

221 1609 309 1693 quasi
332 1609 476 1673 ordinem
500 1609 614 1674 ducent
636 1608 705 1673 duc.

307 1713 387 1790 Quid
417 1713 582 1800 Magistris
616 1715 856 1797 inquisitoribus
887 1714 952 1778 suis
986 1713 1060 1776 dare
1095 1711 1271 1795 donareque
1306 1713 1416 1792 uelint,

219 1820 421 1885 liberalitatis
454 1821 595 1904 ipsorum
618 1824 703 1897 esto,
738 1825 774 1884 ut
796 1821 824 1884 si
847 1821 922 1905 quid
945 1819 1082 1884 dandum
1105 1839 1169 1882 non
1191 1819 1345 1902 putarint,
1370 1842 1418 1883 re-

221 1927 304 2009 quiri
328 1927 367 1990 ab
392 1925 470 2009 ipsis
492 1925 573 1990 nihil
596 1927 704 2010 possit.

376 2099 754 2166 Examinationum
777 2101 917 2168 modus
939 2106 982 2168 et
1004 2101 1256 2166 obseruatio.

308 2240 388 2316 Quia
410 2261 485 2304 uero
509 2261 573 2304 non
589 2244 694 2325 potest
709 2241 815 2304 eadem
830 2240 912 2304 ratio
935 2241 1265 2324 inquisitionum
1289 2240 1417 2318 seruari,

222 2369 316 2431 quam
340 2344 499 2429 quondam
522 2347 667 2422 tenuere,
691 2344 760 2408 ideo
783 2344 1023 2407 conuenientem
1046 2345 1228 2410 melioribus
1252 2346 1364 2410 studiis
1387 2351 1419 2410 et

221 2450 377 2514 institutae
400 2449 550 2512 doctrinae
580 2448 708 2512 modum
738 2447 865 2510 illorum
896 2447 1051 2530 quendam
1074 2450 1248 2513 uisumcst
1271 2448 1418 2515 hocloco

222 2575 393 2638 exponere,
417 2554 471 2636 qui
493 2575 579 2618 nunc
601 2553 746 2637 deinceps
771 2552 930 2616 obseruari
953 2552 1074 2617 debeat.

309 2661 356 2723 Ac
379 2659 516 2743 primum
541 2680 612 2723 cum
635 2658 937 2723 Bacoalaureis
966 2658 1012 2722 ita
1034 2665 1210 2746 peragetur.
1257 2659 1335 2724 Cum
1359 2662 1418 2725 ali·

222 2767 286 2851 qui,
311 2768 366 2850 qui
389 2789 421 2831 se
443 2770 549 2849 petere
572 2766 656 2830 huno
678 2765 838 2842 honorem,
863 2765 945 2829 siout
967 2765 1087 2830 dictum
1111 2769 1167 2843 est,
1190 2766 1310 2831 fuerint
1333 2766 1417 2850 apud

99 2891 106 2910 ¹
221 2871 383 2936 Decanum
405 2870 548 2956 professi,
572 2870 793 2954 praescribatur
817 2870 879 2933 illis
903 2869 982 2947 dies,
1007 2892 1068 2955 quo
1092 2871 1129 2935 ad
1154 2893 1282 2936 examen
1306 2873 1415 2936 assint.

221 2976 291 3042 Hoc
313 2984 424 3062 agetur
456 2999 474 3040 a
496 2975 680 3060 Magistris,
714 2975 827 3059 quibus
849 2997 885 3040 ea
907 2976 1071 3059 prouincia
1093 2977 1276 3054 obuenerit,
1306 2977 1414 3042 sedulo

221 3087 253 3147 et
275 3083 456 3147 liberaliter.
503 3082 634 3147 Facient
657 3086 766 3146 autem
788 3081 961 3165 periculum
976 3081 1010 3145 in
1033 3082 1072 3144 iis
1096 3081 1197 3146 literis
1221 3085 1316 3166 atque
1338 3082 1416 3146 arti-

221 3187 289 3265 buS,
313 3209 446 3271 quarum
476 3187 620 3253 doct-rina
649 3189 807 3254 ordinaria
838 3193 886 3252 est
908 3186 1068 3272 proposita
1090 3189 1194 3253 cursui
1216 3189 1415 3252 tendentium

220 3293 259 3357 ad
284 3291 367 3356 hunc
390 3291 551 3357 honorem.
1021 3363 1024 3369 ,

306 3395 382 3462 Haec
412 3403 569 3482 praecepta
601 3404 676 3462 sunt
699 3398 878 3464 Dialecticae
901 3403 996 3482 atque
1020 3397 1198 3462 Rhetoricae
1221 3403 1253 3462 et
1275 3399 1418 3483 exempla

219 3501 347 3566 illorum
379 3502 416 3566 de
444 3503 535 3574 bouis
559 3504 721 3570 autoribus
754 3506 871 3590 linguae
902 3525 1011 3590 graeca
1032 3509 1127 3588 atque
1150 3503 1258 3568 latinae
1280 3505 1418 3588 itemque

219 3607 374 3672 elementa
397 3607 591 3673 Geometriae.

307 3713 414 3798 Atque
429 3717 498 3778 tum
515 3715 652 3800 benigne
667 3716 844 3780 conferetur
859 3715 960 3781 honor
976 3716 1053 3780 bene
1068 3715 1200 3780 meritis.
1235 3713 1416 3800 Interroga-

220 3818 307 3884 bitur
323 3825 428 3884 autem
444 3821 576 3905 quisque
592 3844 655 3886 uon
672 3821 807 3905 amplius
823 3843 887 3885 una
902 3822 980 3885 hora
1002 3828 1033 3885 et
1049 3821 1221 3885 dimidiata.
1261 3821 1416 3885 Consueto

220 3927 361 4009 tempore
385 3926 446 3990 diei
468 3949 598 3992 examen
621 3927 789 4010 incipietur
812 3931 906 4011 atque
928 3927 1064 3993 finietur.
1111 3925 1326 3991 Praemium
1346 3925 1415 3990 Ma-

220 4029 323 4114 gistri,
348 4031 402 4114 qui
426 4032 705 4110 administrabunt,
729 4033 884 4117 accipient
907 4034 1083 4117 expositum
1108 4031 1209 4117 capite
1221 4029 1290 4110 XV,
1315 4031 1349 4094 id
1370 4035 1418 4094 est

220 4134 398 4220 asingulis
431 4137 605 4202 candidatis
633 4138 740 4202 florini
770 4138 935 4202 dimidium
966 4141 997 4202 et
1027 4139 1061 4203 iu
1090 4139 1155 4204 dies
1178 4137 1331 4202 cruciatos
1353 4135 1417 4203 Vll

219 4241 256 4305 dc
279 4241 354 4307 fisco
377 4244 475 4307 studii
498 4245 625 4309 artium.
671 4243 745 4319 Quae
769 4245 875 4309 omnia
897 4244 1019 4330 placide
1042 4245 1180 4307 interae
1203 4241 1393 4326 partientur.

306 4347 366 4422 Qui
389 4347 594 4434 Magistri
615 4319 685 4415 deri
708 4351 834 4428 uolent,
869 4351 984 4416 omisso
1007 4354 1132 4414 etcum
1160 4347 1210 4412 his
1232 4346 1415 4425 tentamine,

221 4456 375 4536 quotquot
404 4460 497 4519 erunt
527 4457 677 4539 petitores
716 4456 803 4520 illius
835 4455 964 4520 honoris
997 4455 1217 4518 examinentur
1253 4451 1414 4536 priuatim,

153 4575 156 4580 ’
220 4556 339 4645 singuli
369 4581 432 4626 una
462 4561 540 4627 hora
574 4567 606 4626 et
637 4562 810 4627 dimidiata.
856 4559 959 4626 Huius
990 4559 1207 4646 inquisitionis
1236 4577 1415 4622 communes
