3504 5322
343 469 406 532 384
796 466 926 523 Facultas
944 467 1064 522 Artium.

341 625 454 690 seholae
484 624 587 690 huius.
640 625 805 690 Oreabitur
835 629 939 690 autem
971 627 1133 712 suffragiis
1165 627 1211 691 ita
1239 631 1277 692 ut
1300 627 1349 692 illi
1372 629 1539 694 mandetur

341 730 451 809 honor,
476 732 524 796 cui
557 731 687 816 plurimi
709 731 877 816 suffragati
900 731 984 810 sint,
1016 754 1118 816 neque
1151 731 1319 816 quicquam
1342 734 1539 818 spectabitur

342 839 397 900 aut
419 836 555 913 ualebit,
592 836 653 900 nisi
683 837 784 919 pietas
809 837 943 902 eruditio
978 837 1088 903 uirtus.
1135 837 1247 922 Itaque
1270 836 1421 925 suffragia
1443 841 1539 905 laturi

341 942 437 1006 iurati
459 945 561 1007 erunt.
608 942 697 1017 Quod
721 944 749 1007 si
765 944 918 1029 suffragia
940 944 1030 1028 paria
1044 943 1175 1021 tilerint,
1200 943 1372 1008 accessione
1394 967 1451 1010 sua
1474 967 1540 1009 rem

344 1046 485 1112 Decanus
507 1049 658 1132 temporis
681 1049 768 1112 illius
780 1049 956 1114 concludet.
1002 1048 1062 1114 Sed
1078 1049 1259 1134 designatus
1271 1047 1415 1115 Decanus
1430 1053 1540 1115 statim

342 1152 566 1238 Magistratum
588 1154 682 1219 ineat.
728 1152 817 1229 Quod
841 1153 868 1217 si
890 1156 977 1218 intra
999 1154 1140 1238 spacium
1155 1154 1247 1217 vuius
1263 1153 1324 1218 dici
1340 1175 1404 1218 non
1420 1155 1539 1234 feccrit,

343 1259 492 1323 mulctam
514 1260 589 1324 fisco
611 1259 704 1324 huius
720 1260 818 1324 studii
833 1260 949 1326 soluito
964 1254 1155 1325 florenorum
1171 1261 1276 1324 duum.
1322 1259 1417 1325 Geret
1435 1265 1539 1326 autem

348 1385 467 1427 annium
489 1385 588 1429 unum
612 1370 644 1428 et
666 1364 802 1429 ineundo
825 1365 859 1429 in
881 1364 947 1430 haec
969 1366 1087 1430 iurabit
1110 1365 1143 1428 in
1168 1363 1307 1430 consilio.

685 1537 1006 1605 Sacramentum
1030 1539 1196 1606 Decani.

429 1674 520 1741 Velle
543 1677 643 1740 studii
665 1676 782 1742 artium
806 1697 855 1740 res
878 1699 914 1742 ac
945 1678 1202 1743 communitatem
1226 1679 1288 1742 sibi
1309 1679 1453 1744 maximas
1474 1703 1540 1747 esse

343 1803 424 1848 curae
447 1782 530 1866 pati:
554 1781 637 1866 quod
660 1781 762 1846 facere
784 1803 817 1846 se
839 1783 1028 1848 conueniens
1051 1783 1254 1868 debitumque
1275 1785 1328 1863 sit,
1351 1807 1414 1851 non
1436 1787 1539 1872 negli-

343 1911 431 1974 gere:
462 1889 547 1975 leges
577 1891 609 1953 et
643 1890 763 1953 statuta
792 1886 885 1952 huius
915 1888 1012 1952 studii
1042 1890 1124 1953 tueri
1147 1911 1183 1955 ac
1205 1911 1405 1955 conseruare:
1435 1891 1539 1975 primo

344 2015 451 2059 mense
485 1995 561 2058 anni
591 1993 640 2058 sui
669 1994 725 2058 illa
757 1994 791 2057 in
822 1993 968 2059 contione
998 1994 1209 2060 studiosorum
1241 1997 1358 2061 artium
1389 1997 1539 2062 recitare:

343 2100 440 2164 libros
463 2099 591 2185 signum
615 2098 736 2176 album,
770 2100 903 2182 denique
926 2120 995 2182 quae
1020 2121 1039 2163 a
1059 2100 1173 2183 prioris
1208 2103 1284 2165 anni
1306 2100 1431 2167 Decano
1453 2124 1538 2167 acce-

342 2203 425 2289 perit
455 2204 612 2270 custodire
640 2204 792 2268 fidelitate
822 2209 854 2268 et
882 2205 1049 2290 diligentia
1080 2228 1219 2271 summa:
1257 2207 1339 2272 nihil
1371 2207 1534 2272 literarum

343 2310 406 2374 nisi
429 2310 467 2374 de
488 2311 647 2375 sententia
662 2309 786 2376 consilii
801 2310 970 2394 obsignare
984 2330 1085 2393 neque
1100 2310 1209 2376 edere:
1232 2311 1335 2395 primo
1351 2312 1406 2378 illo
1421 2336 1533 2392 mense,

342 2436 404 2500 quo
427 2415 647 2499 magistratum
679 2415 814 2494 obierit,
846 2415 982 2478 rationes
1012 2414 1166 2498 deponere
1196 2413 1279 2500 apud
1301 2418 1400 2482 studii
1421 2419 1536 2484 artium

344 2520 603 2586 communitatem
625 2525 657 2584 et
687 2521 814 2604 siquid
843 2520 939 2584 ullius
963 2522 1007 2586 rei
1033 2526 1088 2586 aut
1110 2543 1277 2586 numerum
1300 2522 1390 2601 desit,
1414 2525 1538 2608 explere

344 2625 454 2690 statim
475 2631 640 2691 numerata
669 2625 816 2712 pecunia:
851 2628 1010 2709 postremo
1041 2625 1090 2690 sui
1111 2627 1250 2692 muneris
1273 2629 1418 2713 proprias
1442 2628 1536 2715 leges,

344 2731 533 2814 quominus
564 2732 598 2796 in
620 2731 764 2796 faciendo
793 2730 932 2795 officium
963 2753 1055 2795 suum
1078 2730 1268 2814 decipiatur,
1302 2733 1388 2798 intra
1410 2735 1475 2798 dies
1499 2734 1539 2800 ab

345 2835 424 2900 inito
448 2836 639 2923 Magistratu
661 2840 740 2913 octo,
765 2840 856 2900 notas
879 2835 1090 2920 pellectusque
1113 2835 1236 2902 habere.

738 3009 895 3075 Decani
917 3009 1147 3076 Prouincia.

439 3148 558 3216 Decani
588 3152 838 3236 disputationum
860 3173 935 3216 cura
955 3151 1085 3235 propria
1108 3133 1178 3228 est,
1205 3151 1242 3215 de
1264 3173 1395 3235 quarum
1418 3155 1539 3219 ratione

348 3257 381 3322 in
405 3257 608 3342 sequentibus
624 3263 805 3342 exponetur.
844 3256 973 3322 Jussum
988 3258 1036 3320 est
1051 3277 1158 3320 corum
1174 3257 1310 3335 nomina,
1335 3258 1390 3341 qui
1404 3258 1539 3324 honores

347 3385 380 3428 se
395 3368 499 3448 petere
515 3362 646 3447 professi
663 3364 744 3447 apud
760 3363 849 3427 illum
865 3362 994 3440 fuerint,
1018 3362 1145 3426 Rectori
1160 3360 1385 3428 Vniuersitatis
1409 3365 1538 3442 deferre,

348 3471 383 3532 ut
405 3467 541 3552 intelligi
565 3468 673 3552 possit,
698 3473 802 3533 utrum
826 3469 859 3533 in
881 3467 999 3532 Album
1024 3466 1109 3532 illius
1131 3467 1285 3552 inscripta
1306 3490 1342 3532 ea
1364 3469 1489 3535 fuerint.

432 3573 513 3638 Item
543 3573 780 3638 Consilium
814 3595 852 3638 ne
882 3573 1006 3658 cogite,
1039 3573 1101 3638 nisi
1131 3595 1165 3637 rc
1193 3574 1282 3657 prius
1311 3576 1540 3640 communicata

345 3701 415 3744 cum
445 3679 638 3744 Consiliariis
667 3678 746 3755 suis,
779 3681 988 3762 praeterquam
1021 3677 1127 3760 aliquo
1157 3676 1262 3742 subito
1294 3699 1330 3742 ac
1363 3680 1536 3744 necessario

345 3805 416 3848 casu
439 3781 570 3847 Consilii
592 3783 728 3848 habendi
752 3803 877 3847 oausam
900 3782 934 3845 in
958 3781 1067 3852 charta
1089 3781 1276 3864 descriptam
1300 3782 1442 3866 explicet.

431 3887 611 3953 Sententias
638 3888 753 3953 ordine
784 3891 816 3952 et
839 3887 994 3972 exquisite
1016 3886 1159 3972 rogabit,
1194 3888 1362 3953 secundum
1386 3890 1538 3974 plurimas

346 3997 401 4057 aut
422 3993 457 4057 in
480 3993 616 4076 paritate
637 4017 693 4059 sua
717 3994 891 4060 accessione
914 3999 1038 4058 arictum
1061 3996 1185 4077 partem
1200 3992 1351 4058 decernet.
1398 3993 1445 4060 De
1467 3996 1539 4079 qui-

345 4098 403 4162 bus
426 4099 635 4164 constitutum
657 4100 762 4166 fuerat
786 4100 843 4165 sub
866 4121 950 4164 anno
973 4121 1028 4164 suo
1051 4102 1171 4175 notato,
1194 4104 1227 4163 et
1248 4099 1352 4183 primo
1374 4121 1479 4165 mense
1501 4124 1538 4165 ex

345 4225 406 4287 quo
429 4202 619 4290 Magistratu
643 4207 723 4271 abiit
745 4206 828 4271 inter
851 4209 922 4270 acta
944 4205 1070 4270 referto.

432 4307 656 4394 Magistrorum
679 4311 896 4397 profitentium
919 4311 1018 4374 bonas
1040 4313 1124 4374 artes
1140 4315 1235 4393 atquc
1249 4310 1357 4374 literas
1372 4311 1538 4396 sigillatim

346 4418 440 4500 atquc
462 4415 663 4498 peculiariter
685 4417 861 4501 perscripta
883 4415 1013 4481 nomina
1035 4413 1158 4479 habeto.

431 4517 620 4605 Quocunque
651 4522 684 4586 in
716 4544 750 4586 re
781 4521 939 4604 publicam
976 4520 1280 4586 administrationem
1316 4520 1409 4585 hrains
1440 4519 1539 4585 studii
