<?xml version="1.0" encoding="UTF-8"?>
<!DOCTYPE html PUBLIC "-//W3C//DTD XHTML 1.0 Transitional//EN"
    "http://www.w3.org/TR/xhtml1/DTD/xhtml1-transitional.dtd">
<html xmlns="http://www.w3.org/1999/xhtml" xml:lang="en" lang="en">
 <head>
  <title>
</title>
<meta http-equiv="Content-Type" content="text/html;charset=utf-8" />
  <meta name='ocr-system' content='tesseract 3.04.00' />
  <meta name='ocr-capabilities' content='ocr_page ocr_carea ocr_par ocr_line ocrx_word'/>
</head>
<body>
  <div class='ocr_page' id='page_1' title='image "./urkundenzurgesc00tbgoog_0149.png"; bbox 0 0 3464 5318; ppageno 0'>
   <div class='ocr_carea' id='block_1_1' title="bbox 305 493 1381 567">
    <p class='ocr_par' dir='ltr' id='par_1_1' title="bbox 305 493 1381 567">
     <span class='ocr_line' id='line_1_1' title="bbox 305 493 1381 567; baseline 0 -14"><span class='ocrx_word' id='word_1_1' title='bbox 305 499 347 554; x_wconf 81' lang='lat'>30.</span> <span class='ocrx_word' id='word_1_2' title='bbox 365 496 636 567; x_wconf 85' lang='lat' dir='ltr'>Bekanntmachung</span> <span class='ocrx_word' id='word_1_3' title='bbox 653 496 821 566; x_wconf 86' lang='lat' dir='ltr'>unentgeltl.</span> <span class='ocrx_word' id='word_1_4' title='bbox 840 494 1001 550; x_wconf 85' lang='lat' dir='ltr'>Untcrricht</span> <span class='ocrx_word' id='word_1_5' title='bbox 1019 493 1172 550; x_wconf 81' lang='lat' dir='ltr'>betrellend</span> <span class='ocrx_word' id='word_1_6' title='bbox 1192 496 1267 552; x_wconf 80' lang='lat'>1522.</span> <span class='ocrx_word' id='word_1_7' title='bbox 1320 499 1381 564; x_wconf 86' lang='lat'>133</span> 
     </span>
    </p>
   </div>
   <div class='ocr_carea' id='block_1_2' title="bbox 162 657 1389 4642">
    <p class='ocr_par' dir='ltr' id='par_1_2' title="bbox 176 657 1389 2847">
     <span class='ocr_line' id='line_1_2' title="bbox 189 657 1381 744; baseline 0 -22"><span class='ocrx_word' id='word_1_8' title='bbox 189 657 299 742; x_wconf 86' lang='lat' dir='ltr'>Itaque</span> <span class='ocrx_word' id='word_1_9' title='bbox 321 658 412 723; x_wconf 89' lang='lat' dir='ltr'>bonis</span> <span class='ocrx_word' id='word_1_10' title='bbox 434 658 570 744; x_wconf 88' lang='lat' dir='ltr'>ingeniis</span> <span class='ocrx_word' id='word_1_11' title='bbox 594 657 678 721; x_wconf 86' lang='lat' dir='ltr'>velut</span> <span class='ocrx_word' id='word_1_12' title='bbox 700 657 834 743; x_wconf 80' lang='lat' dir='ltr'><strong>egregiis</strong></span> <span class='ocrx_word' id='word_1_13' title='bbox 857 657 975 741; x_wconf 86' lang='lat' dir='ltr'>plantis</span> <span class='ocrx_word' id='word_1_14' title='bbox 998 661 1084 722; x_wconf 85' lang='lat' dir='ltr'>certa</span> <span class='ocrx_word' id='word_1_15' title='bbox 1105 662 1180 722; x_wconf 89' lang='lat' dir='ltr'>sunt</span> <span class='ocrx_word' id='word_1_16' title='bbox 1194 657 1262 722; x_wconf 91' lang='lat' dir='ltr'>loca</span> <span class='ocrx_word' id='word_1_17' title='bbox 1285 658 1381 722; x_wconf 89' lang='lat' dir='ltr'>desti·</span> 
     </span>
     <span class='ocr_line' id='line_1_3' title="bbox 189 761 1378 848; baseline 0.001 -21"><span class='ocrx_word' id='word_1_18' title='bbox 189 768 274 841; x_wconf 88' lang='lat' dir='ltr'>nata,</span> <span class='ocrx_word' id='word_1_19' title='bbox 298 763 331 827; x_wconf 93' lang='lat' dir='ltr'>in</span> <span class='ocrx_word' id='word_1_20' title='bbox 357 762 470 848; x_wconf 87' lang='lat' dir='ltr'>quibus</span> <span class='ocrx_word' id='word_1_21' title='bbox 493 762 621 826; x_wconf 90' lang='lat' dir='ltr'>semotis</span> <span class='ocrx_word' id='word_1_22' title='bbox 652 762 885 846; x_wconf 77' lang='lat' dir='ltr'>impedimentis</span> <span class='ocrx_word' id='word_1_23' title='bbox 914 761 1092 847; x_wconf 78' lang='lat' dir='ltr'>praesignia</span> <span class='ocrx_word' id='word_1_24' title='bbox 1115 763 1289 846; x_wconf 76' lang='lat' dir='ltr'>sapientiae</span> <span class='ocrx_word' id='word_1_25' title='bbox 1312 765 1378 828; x_wconf 92' lang='lat' dir='ltr'>cul·</span> 
     </span>
     <span class='ocr_line' id='line_1_4' title="bbox 187 864 1378 954; baseline 0.003 -24"><span class='ocrx_word' id='word_1_26' title='bbox 187 867 274 931; x_wconf 90' lang='lat' dir='ltr'>mina</span> <span class='ocrx_word' id='word_1_27' title='bbox 296 867 465 932; x_wconf 87' lang='lat' dir='ltr'>inolescere</span> <span class='ocrx_word' id='word_1_28' title='bbox 495 870 631 951; x_wconf 86' lang='lat' dir='ltr'>possent.</span> <span class='ocrx_word' id='word_1_29' title='bbox 676 864 715 929; x_wconf 94' lang='lat' dir='ltr'>In</span> <span class='ocrx_word' id='word_1_30' title='bbox 745 865 827 931; x_wconf 91' lang='lat' dir='ltr'>hanc</span> <span class='ocrx_word' id='word_1_31' title='bbox 859 888 925 931; x_wconf 88' lang='lat' dir='ltr'>rem</span> <span class='ocrx_word' id='word_1_32' title='bbox 956 865 1180 931; x_wconf 82' lang='lat' dir='ltr'>Alexandriam</span> <span class='ocrx_word' id='word_1_33' title='bbox 1203 865 1378 954; x_wconf 82' lang='lat' dir='ltr'>Aegyptus,</span> 
     </span>
     <span class='ocr_line' id='line_1_5' title="bbox 187 971 1378 1058; baseline 0.003 -23"><span class='ocrx_word' id='word_1_34' title='bbox 187 971 342 1037; x_wconf 86' lang='lat' dir='ltr'>Tharsum</span> <span class='ocrx_word' id='word_1_35' title='bbox 358 971 476 1051; x_wconf 80' lang='lat' dir='ltr'>Cilicia,</span> <span class='ocrx_word' id='word_1_36' title='bbox 500 975 633 1037; x_wconf 88' lang='lat' dir='ltr'>matrem</span> <span class='ocrx_word' id='word_1_37' title='bbox 648 971 765 1036; x_wconf 87' lang='lat' dir='ltr'>artium</span> <span class='ocrx_word' id='word_1_38' title='bbox 781 972 924 1036; x_wconf 88' lang='lat' dir='ltr'>Athenas</span> <span class='ocrx_word' id='word_1_39' title='bbox 947 974 1098 1056; x_wconf 89' lang='lat' dir='ltr'>tanquam</span> <span class='ocrx_word' id='word_1_40' title='bbox 1114 975 1283 1057; x_wconf 90' lang='lat' dir='ltr'>augustum</span> <span class='ocrx_word' id='word_1_41' title='bbox 1307 973 1378 1058; x_wconf 92' lang='lat' dir='ltr'>phi-</span> 
     </span>
     <span class='ocr_line' id='line_1_6' title="bbox 186 1075 1380 1162; baseline 0.003 -21"><span class='ocrx_word' id='word_1_42' title='bbox 186 1077 346 1161; x_wconf 90' lang='lat' dir='ltr'>losophiae</span> <span class='ocrx_word' id='word_1_43' title='bbox 377 1078 547 1142; x_wconf 86' lang='lat' dir='ltr'>sacrarium</span> <span class='ocrx_word' id='word_1_44' title='bbox 577 1077 689 1162; x_wconf 79' lang='lat' dir='ltr'>selegit</span> <span class='ocrx_word' id='word_1_45' title='bbox 712 1076 851 1142; x_wconf 81' lang='lat' dir='ltr'>Graecia.</span> <span class='ocrx_word' id='word_1_46' title='bbox 901 1075 961 1142; x_wconf 86' lang='lat' dir='ltr'>Sed</span> <span class='ocrx_word' id='word_1_47' title='bbox 993 1081 1026 1141; x_wconf 87' lang='lat' dir='ltr'>et</span> <span class='ocrx_word' id='word_1_48' title='bbox 1057 1079 1213 1155; x_wconf 87' lang='lat' dir='ltr'>cultores,</span> <span class='ocrx_word' id='word_1_49' title='bbox 1245 1077 1304 1143; x_wconf 89' lang='lat' dir='ltr'>hoc</span> <span class='ocrx_word' id='word_1_50' title='bbox 1333 1084 1380 1144; x_wconf 89' lang='lat' dir='ltr'>est</span> 
     </span>
     <span class='ocr_line' id='line_1_7' title="bbox 185 1181 1389 1269; baseline 0.002 -23"><span class='ocrx_word' id='word_1_51' title='bbox 185 1183 360 1247; x_wconf 87' lang='lat' dir='ltr'>studiorum</span> <span class='ocrx_word' id='word_1_52' title='bbox 384 1187 588 1269; x_wconf 82' lang='lat' dir='ltr'>praeceptores</span> <span class='ocrx_word' id='word_1_53' title='bbox 604 1181 749 1260; x_wconf 74' lang='lat' dir='ltr'>adhibiti,</span> <span class='ocrx_word' id='word_1_54' title='bbox 774 1183 829 1266; x_wconf 89' lang='lat' dir='ltr'>qui</span> <span class='ocrx_word' id='word_1_55' title='bbox 851 1203 952 1266; x_wconf 89' lang='lat' dir='ltr'>nuper</span> <span class='ocrx_word' id='word_1_56' title='bbox 968 1185 1036 1248; x_wconf 87' lang='lat' dir='ltr'>sata</span> <span class='ocrx_word' id='word_1_57' title='bbox 1050 1183 1201 1268; x_wconf 85' lang='lat' dir='ltr'>rigerent,</span> <span class='ocrx_word' id='word_1_58' title='bbox 1225 1182 1389 1248; x_wconf 71' lang='lat' dir='ltr'>colerent·</span> 
     </span>
     <span class='ocr_line' id='line_1_8' title="bbox 186 1284 1377 1373; baseline 0.002 -22"><span class='ocrx_word' id='word_1_59' title='bbox 186 1309 246 1372; x_wconf 90' lang='lat' dir='ltr'>que</span> <span class='ocrx_word' id='word_1_60' title='bbox 268 1288 434 1373; x_wconf 86' lang='lat' dir='ltr'>plantaria.</span> <span class='ocrx_word' id='word_1_61' title='bbox 487 1287 794 1372; x_wconf 83' lang='lat' dir='ltr'>Oongratulaturque</span> <span class='ocrx_word' id='word_1_62' title='bbox 826 1287 871 1351; x_wconf 91' lang='lat' dir='ltr'>ita</span> <span class='ocrx_word' id='word_1_63' title='bbox 901 1286 944 1351; x_wconf 90' lang='grc' dir='ltr'>Μ.</span> <span class='ocrx_word' id='word_1_64' title='bbox 978 1286 1101 1352; x_wconf 82' lang='lat' dir='ltr'>&#39;Pullius</span> <span class='ocrx_word' id='word_1_65' title='bbox 1132 1284 1274 1352; x_wconf 78' lang='lat' dir='ltr'>Ciceroni</span> <span class='ocrx_word' id='word_1_66' title='bbox 1301 1287 1377 1366; x_wconf 86' lang='lat' dir='ltr'>filie,</span> 
     </span>
     <span class='ocr_line' id='line_1_9' title="bbox 185 1390 1375 1476; baseline 0.001 -21"><span class='ocrx_word' id='word_1_67' title='bbox 185 1390 327 1456; x_wconf 79' lang='lat' dir='ltr'>Athenas</span> <span class='ocrx_word' id='word_1_68' title='bbox 357 1393 395 1457; x_wconf 85' lang='lat' dir='ltr'>ad</span> <span class='ocrx_word' id='word_1_69' title='bbox 418 1392 602 1476; x_wconf 81' lang='lat' dir='ltr'>Cratippum</span> <span class='ocrx_word' id='word_1_70' title='bbox 634 1390 772 1456; x_wconf 90' lang='lat' dir='ltr'>discendi</span> <span class='ocrx_word' id='word_1_71' title='bbox 793 1393 897 1476; x_wconf 90' lang='lat' dir='ltr'>gratia</span> <span class='ocrx_word' id='word_1_72' title='bbox 922 1392 1034 1470; x_wconf 88' lang='lat' dir='ltr'>misso,</span> <span class='ocrx_word' id='word_1_73' title='bbox 1071 1391 1153 1475; x_wconf 90' lang='lat' dir='ltr'>qnod</span> <span class='ocrx_word' id='word_1_74' title='bbox 1176 1414 1247 1458; x_wconf 91' lang='lat' dir='ltr'>eum</span> <span class='ocrx_word' id='word_1_75' title='bbox 1270 1413 1375 1456; x_wconf 87' lang='lat' dir='ltr'>exem-</span> 
     </span>
     <span class='ocr_line' id='line_1_10' title="bbox 184 1497 1378 1582; baseline 0.002 -22"><span class='ocrx_word' id='word_1_76' title='bbox 184 1497 246 1580; x_wconf 90' lang='lat' dir='ltr'>plis</span> <span class='ocrx_word' id='word_1_77' title='bbox 268 1497 352 1576; x_wconf 78' lang='lat' dir='ltr'>vrbs,</span> <span class='ocrx_word' id='word_1_78' title='bbox 376 1497 517 1562; x_wconf 88' lang='lat' dir='ltr'>doctrina</span> <span class='ocrx_word' id='word_1_79' title='bbox 540 1502 712 1581; x_wconf 86' lang='lat' dir='ltr'>praeceptor</span> <span class='ocrx_word' id='word_1_80' title='bbox 736 1518 850 1582; x_wconf 90' lang='lat' dir='ltr'>augere</span> <span class='ocrx_word' id='word_1_81' title='bbox 872 1501 985 1582; x_wconf 89' lang='lat' dir='ltr'>posset.</span> <span class='ocrx_word' id='word_1_82' title='bbox 1032 1497 1174 1562; x_wconf 86' lang='lat' dir='ltr'>Gratiam</span> <span class='ocrx_word' id='word_1_83' title='bbox 1190 1498 1249 1562; x_wconf 89' lang='lat' dir='ltr'>diis</span> <span class='ocrx_word' id='word_1_84' title='bbox 1266 1497 1378 1562; x_wconf 88' lang='lat' dir='ltr'>habuit</span> 
     </span>
     <span class='ocr_line' id='line_1_11' title="bbox 184 1600 1378 1688; baseline 0.003 -24"><span class='ocrx_word' id='word_1_85' title='bbox 184 1600 351 1687; x_wconf 88' lang='lat' dir='ltr'>Philippus</span> <span class='ocrx_word' id='word_1_86' title='bbox 383 1607 485 1667; x_wconf 87' lang='lat' dir='ltr'>terrae</span> <span class='ocrx_word' id='word_1_87' title='bbox 515 1601 705 1667; x_wconf 75' lang='lat' dir='ltr'>Macedoniae</span> <span class='ocrx_word' id='word_1_88' title='bbox 734 1607 902 1688; x_wconf 87' lang='lat' dir='ltr'>regnator,</span> <span class='ocrx_word' id='word_1_89' title='bbox 935 1603 1018 1688; x_wconf 91' lang='lat' dir='ltr'>quod</span> <span class='ocrx_word' id='word_1_90' title='bbox 1041 1603 1255 1668; x_wconf 85' lang='lat' dir='ltr'>Alexandrum</span> <span class='ocrx_word' id='word_1_91' title='bbox 1277 1604 1378 1668; x_wconf 88' lang='lat' dir='ltr'>filium</span> 
     </span>
     <span class='ocr_line' id='line_1_12' title="bbox 186 1707 1375 1794; baseline 0.002 -23"><span class='ocrx_word' id='word_1_92' title='bbox 186 1707 367 1773; x_wconf 85' lang='lat' dir='ltr'>Aristotelis</span> <span class='ocrx_word' id='word_1_93' title='bbox 399 1708 593 1791; x_wconf 82' lang='lat' dir='ltr'>temporibus</span> <span class='ocrx_word' id='word_1_94' title='bbox 622 1709 707 1772; x_wconf 85' lang='lat' dir='ltr'>nasci</span> <span class='ocrx_word' id='word_1_95' title='bbox 739 1709 933 1794; x_wconf 85' lang='lat' dir='ltr'>contigisset.</span> <span class='ocrx_word' id='word_1_96' title='bbox 987 1707 1038 1774; x_wconf 87' lang='lat' dir='ltr'>Sic</span> <span class='ocrx_word' id='word_1_97' title='bbox 1067 1707 1188 1774; x_wconf 87' lang='lat' dir='ltr'>Neroni</span> <span class='ocrx_word' id='word_1_98' title='bbox 1218 1708 1375 1787; x_wconf 87' lang='lat' dir='ltr'>Senecam,</span> 
     </span>
     <span class='ocr_line' id='line_1_13' title="bbox 184 1811 1376 1898; baseline 0 -21"><span class='ocrx_word' id='word_1_99' title='bbox 184 1811 320 1877; x_wconf 90' lang='lat' dir='ltr'>Traiano</span> <span class='ocrx_word' id='word_1_100' title='bbox 343 1811 563 1889; x_wconf 77' lang='lat' dir='ltr'>Plutarchum,</span> <span class='ocrx_word' id='word_1_101' title='bbox 596 1811 707 1876; x_wconf 80' lang='lat' dir='ltr'>Carolo</span> <span class='ocrx_word' id='word_1_102' title='bbox 729 1812 778 1876; x_wconf 91' lang='lat' dir='ltr'>illi</span> <span class='ocrx_word' id='word_1_103' title='bbox 800 1812 918 1898; x_wconf 87' lang='lat' dir='ltr'>Magno</span> <span class='ocrx_word' id='word_1_104' title='bbox 940 1835 1032 1877; x_wconf 89' lang='lat' dir='ltr'>suum</span> <span class='ocrx_word' id='word_1_105' title='bbox 1055 1814 1183 1878; x_wconf 88' lang='lat' dir='ltr'>cessisse</span> <span class='ocrx_word' id='word_1_106' title='bbox 1206 1813 1376 1878; x_wconf 88' lang='lat' dir='ltr'>Alcuinum</span> 
     </span>
     <span class='ocr_line' id='line_1_14' title="bbox 184 1918 1376 2004; baseline 0.001 -22"><span class='ocrx_word' id='word_1_107' title='bbox 184 1920 366 2003; x_wconf 87' lang='lat' dir='ltr'>reperimus.</span> <span class='ocrx_word' id='word_1_108' title='bbox 412 1920 576 2004; x_wconf 81' lang='lat' dir='ltr'>Temporis</span> <span class='ocrx_word' id='word_1_109' title='bbox 604 1918 715 1984; x_wconf 90' lang='lat' dir='ltr'>deinde</span> <span class='ocrx_word' id='word_1_110' title='bbox 741 1941 908 2004; x_wconf 89' lang='lat' dir='ltr'>progressu</span> <span class='ocrx_word' id='word_1_111' title='bbox 931 1942 1002 1984; x_wconf 91' lang='lat' dir='ltr'>cum</span> <span class='ocrx_word' id='word_1_112' title='bbox 1024 1919 1116 1984; x_wconf 89' lang='lat' dir='ltr'>rebus</span> <span class='ocrx_word' id='word_1_113' title='bbox 1139 1918 1284 2004; x_wconf 89' lang='lat' dir='ltr'>gerendis</span> <span class='ocrx_word' id='word_1_114' title='bbox 1305 1939 1376 1983; x_wconf 78' lang='lat' dir='ltr'>eru·</span> 
     </span>
     <span class='ocr_line' id='line_1_15' title="bbox 182 2023 1376 2110; baseline -0.002 -22"><span class='ocrx_word' id='word_1_115' title='bbox 182 2023 266 2088; x_wconf 87' lang='lat' dir='ltr'>ditos</span> <span class='ocrx_word' id='word_1_116' title='bbox 289 2026 392 2090; x_wconf 86' lang='lat' dir='ltr'>deesse</span> <span class='ocrx_word' id='word_1_117' title='bbox 414 2047 478 2090; x_wconf 92' lang='lat' dir='ltr'>non</span> <span class='ocrx_word' id='word_1_118' title='bbox 502 2047 593 2110; x_wconf 91' lang='lat' dir='ltr'>posse</span> <span class='ocrx_word' id='word_1_119' title='bbox 615 2029 778 2090; x_wconf 88' lang='lat' dir='ltr'>censerent</span> <span class='ocrx_word' id='word_1_120' title='bbox 794 2024 961 2109; x_wconf 90' lang='lat' dir='ltr'>principes,</span> <span class='ocrx_word' id='word_1_121' title='bbox 984 2023 1161 2088; x_wconf 89' lang='lat' dir='ltr'>honoreac</span> <span class='ocrx_word' id='word_1_122' title='bbox 1183 2023 1376 2108; x_wconf 80' lang='lat' dir='ltr'>dignitatum</span> 
     </span>
     <span class='ocr_line' id='line_1_16' title="bbox 180 2129 1374 2216; baseline -0.002 -22"><span class='ocrx_word' id='word_1_123' title='bbox 180 2130 392 2216; x_wconf 72' lang='lat' dir='ltr'>praerogatiua</span> <span class='ocrx_word' id='word_1_124' title='bbox 413 2131 576 2196; x_wconf 88' lang='lat' dir='ltr'>literarum</span> <span class='ocrx_word' id='word_1_125' title='bbox 598 2131 896 2194; x_wconf 88' lang='lat' dir='ltr'>commendauerunt</span> <span class='ocrx_word' id='word_1_126' title='bbox 922 2131 1097 2216; x_wconf 84' lang='lat' dir='ltr'>gymnasia,</span> <span class='ocrx_word' id='word_1_127' title='bbox 1123 2129 1291 2195; x_wconf 83' lang='lat' dir='ltr'>Pontifices</span> <span class='ocrx_word' id='word_1_128' title='bbox 1313 2129 1374 2193; x_wconf 88' lang='lat' dir='ltr'>im-</span> 
     </span>
     <span class='ocr_line' id='line_1_17' title="bbox 181 2233 1375 2321; baseline 0 -23"><span class='ocrx_word' id='word_1_129' title='bbox 181 2235 372 2300; x_wconf 88' lang='lat' dir='ltr'>munitatem</span> <span class='ocrx_word' id='word_1_130' title='bbox 396 2237 548 2301; x_wconf 89' lang='lat' dir='ltr'>addidere.</span> <span class='ocrx_word' id='word_1_131' title='bbox 595 2235 699 2321; x_wconf 90' lang='lat' dir='ltr'>Igitur</span> <span class='ocrx_word' id='word_1_132' title='bbox 721 2235 934 2301; x_wconf 76' lang='lat' dir='ltr'>Eanannnnus</span> <span class='ocrx_word' id='word_1_133' title='bbox 965 2235 1085 2300; x_wconf 89' lang='lat' dir='ltr'>Probus</span> <span class='ocrx_word' id='word_1_134' title='bbox 1115 2233 1375 2320; x_wconf 88' lang='lat' dir='ltr'>Wirtenbergen-</span> 
     </span>
     <span class='ocr_line' id='line_1_18' title="bbox 180 2338 1373 2426; baseline -0.002 -22"><span class='ocrx_word' id='word_1_135' title='bbox 180 2340 264 2404; x_wconf 88' lang='lat' dir='ltr'>sium</span> <span class='ocrx_word' id='word_1_136' title='bbox 286 2339 358 2406; x_wconf 85' lang='lat' dir='ltr'>Dux</span> <span class='ocrx_word' id='word_1_137' title='bbox 381 2343 518 2426; x_wconf 90' lang='lat' dir='ltr'>primus,</span> <span class='ocrx_word' id='word_1_138' title='bbox 551 2342 601 2406; x_wconf 84' lang='lat' dir='ltr'>vir</span> <span class='ocrx_word' id='word_1_139' title='bbox 622 2342 661 2405; x_wconf 87' lang='lat' dir='ltr'>ad</span> <span class='ocrx_word' id='word_1_140' title='bbox 683 2363 791 2426; x_wconf 88' lang='lat' dir='ltr'>pacem</span> <span class='ocrx_word' id='word_1_141' title='bbox 813 2345 921 2420; x_wconf 87' lang='lat' dir='ltr'>natus,</span> <span class='ocrx_word' id='word_1_142' title='bbox 945 2341 1052 2406; x_wconf 81' lang='lat' dir='ltr'>videns</span> <span class='ocrx_word' id='word_1_143' title='bbox 1076 2362 1165 2404; x_wconf 86' lang='lat' dir='ltr'>suam</span> <span class='ocrx_word' id='word_1_144' title='bbox 1187 2338 1373 2423; x_wconf 87' lang='lat' dir='ltr'>Rempubli-</span> 
     </span>
     <span class='ocr_line' id='line_1_19' title="bbox 183 2445 1376 2532; baseline -0.002 -23"><span class='ocrx_word' id='word_1_145' title='bbox 183 2467 254 2509; x_wconf 89' lang='lat' dir='ltr'>cam</span> <span class='ocrx_word' id='word_1_146' title='bbox 270 2445 433 2511; x_wconf 90' lang='lat' dir='ltr'>hominum</span> <span class='ocrx_word' id='word_1_147' title='bbox 449 2469 539 2532; x_wconf 88' lang='lat' dir='ltr'>egere</span> <span class='ocrx_word' id='word_1_148' title='bbox 554 2447 712 2511; x_wconf 84' lang='lat' dir='ltr'>doctorum</span> <span class='ocrx_word' id='word_1_149' title='bbox 729 2468 833 2530; x_wconf 76' lang='lat' dir='ltr'>opera,</span> <span class='ocrx_word' id='word_1_150' title='bbox 851 2468 929 2530; x_wconf 90' lang='lat' dir='ltr'>quos</span> <span class='ocrx_word' id='word_1_151' title='bbox 945 2445 1119 2511; x_wconf 84' lang='lat' dir='ltr'>incredibili</span> <span class='ocrx_word' id='word_1_152' title='bbox 1133 2447 1313 2531; x_wconf 89' lang='lat' dir='ltr'>prosecutus</span> <span class='ocrx_word' id='word_1_153' title='bbox 1328 2447 1376 2508; x_wconf 90' lang='lat' dir='ltr'>est</span> 
     </span>
     <span class='ocr_line' id='line_1_20' title="bbox 183 2549 1376 2636; baseline 0 -22"><span class='ocrx_word' id='word_1_154' title='bbox 183 2551 422 2629; x_wconf 85' lang='lat' dir='ltr'>beneuolentia,</span> <span class='ocrx_word' id='word_1_155' title='bbox 452 2553 627 2617; x_wconf 89' lang='lat' dir='ltr'>studiorum</span> <span class='ocrx_word' id='word_1_156' title='bbox 649 2551 897 2617; x_wconf 88' lang='lat' dir='ltr'>Vniuersitatem</span> <span class='ocrx_word' id='word_1_157' title='bbox 928 2555 1114 2618; x_wconf 88' lang='lat' dir='ltr'>auctoritate</span> <span class='ocrx_word' id='word_1_158' title='bbox 1136 2549 1317 2636; x_wconf 86' lang='lat' dir='ltr'>Apostolica</span> <span class='ocrx_word' id='word_1_159' title='bbox 1344 2555 1376 2614; x_wconf 90' lang='lat' dir='ltr'>ct</span> 
     </span>
     <span class='ocr_line' id='line_1_21' title="bbox 177 2655 1373 2745; baseline -0.003 -23"><span class='ocrx_word' id='word_1_160' title='bbox 177 2658 348 2743; x_wconf 88' lang='lat' dir='ltr'>imperiali,</span> <span class='ocrx_word' id='word_1_161' title='bbox 373 2659 406 2721; x_wconf 94' lang='lat' dir='ltr'>in</span> <span class='ocrx_word' id='word_1_162' title='bbox 429 2660 543 2743; x_wconf 89' lang='lat' dir='ltr'>oppido</span> <span class='ocrx_word' id='word_1_163' title='bbox 566 2658 825 2745; x_wconf 86' lang='lat' dir='ltr'>Tubingeusi</span> <span class='ocrx_word' id='word_1_164' title='bbox 856 2659 1100 2744; x_wconf 86' lang='lat' dir='ltr'>prudentissima</span> <span class='ocrx_word' id='word_1_165' title='bbox 1123 2655 1269 2722; x_wconf 79' lang='lat' dir='ltr'>hindauit</span> <span class='ocrx_word' id='word_1_166' title='bbox 1290 2655 1373 2721; x_wconf 91' lang='lat' dir='ltr'>ordi-</span> 
     </span>
     <span class='ocr_line' id='line_1_22' title="bbox 176 2764 636 2847; baseline 0.002 -20"><span class='ocrx_word' id='word_1_167' title='bbox 176 2764 317 2843; x_wconf 89' lang='lat' dir='ltr'>natione,</span> <span class='ocrx_word' id='word_1_168' title='bbox 342 2785 404 2847; x_wconf 86' lang='lat' dir='ltr'>qua</span> <span class='ocrx_word' id='word_1_169' title='bbox 426 2767 562 2842; x_wconf 88' lang='lat' dir='ltr'>cauetur,</span> <span class='ocrx_word' id='word_1_170' title='bbox 586 2767 636 2828; x_wconf 87' lang='lat' dir='ltr'>vt:</span> 
     </span>
    </p>

    <p class='ocr_par' dir='ltr' id='par_1_3' title="bbox 267 2868 1193 2956">
     <span class='ocr_line' id='line_1_23' title="bbox 267 2868 1193 2956; baseline 0 -24"><span class='ocrx_word' id='word_1_171' title='bbox 267 2869 304 2932; x_wconf 91' lang='lat' dir='ltr'>In</span> <span class='ocrx_word' id='word_1_172' title='bbox 328 2891 415 2933; x_wconf 87' lang='lat' dir='ltr'>sacra</span> <span class='ocrx_word' id='word_1_173' title='bbox 437 2868 675 2956; x_wconf 82' lang='lat' dir='ltr'>Theologia</span> <span class='ocrx_word' id='word_1_174' title='bbox 697 2869 849 2934; x_wconf 86' lang='lat' dir='ltr'>ordinarii</span> <span class='ocrx_word' id='word_1_175' title='bbox 872 2869 1023 2934; x_wconf 89' lang='lat' dir='ltr'>Doctores</span> <span class='ocrx_word' id='word_1_176' title='bbox 1049 2872 1193 2953; x_wconf 90' lang='lat' dir='ltr'>quatuor.</span> 
     </span>
    </p>

    <p class='ocr_par' dir='ltr' id='par_1_4' title="bbox 266 2971 939 3060">
     <span class='ocr_line' id='line_1_24' title="bbox 266 2971 939 3060; baseline 0.003 -23"><span class='ocrx_word' id='word_1_177' title='bbox 266 2971 305 3037; x_wconf 94' lang='lat' dir='ltr'>ln</span> <span class='ocrx_word' id='word_1_178' title='bbox 328 2972 348 3037; x_wconf 85' lang='lat' dir='ltr'>J</span> <span class='ocrx_word' id='word_1_179' title='bbox 358 2995 428 3037; x_wconf 91' lang='lat' dir='ltr'>ure</span> <span class='ocrx_word' id='word_1_180' title='bbox 450 2971 616 3040; x_wconf 90' lang='lat' dir='ltr'>Pontificio</span> <span class='ocrx_word' id='word_1_181' title='bbox 639 2979 670 3040; x_wconf 89' lang='lat' dir='ltr'>et</span> <span class='ocrx_word' id='word_1_182' title='bbox 694 2975 855 3060; x_wconf 89' lang='lat' dir='ltr'>Imperiali</span> <span class='ocrx_word' id='word_1_183' title='bbox 877 2997 939 3040; x_wconf 84' lang='lat' dir='ltr'>sex.</span> 
     </span>
    </p>

    <p class='ocr_par' dir='ltr' id='par_1_5' title="bbox 268 3077 1038 3165">
     <span class='ocr_line' id='line_1_25' title="bbox 268 3077 1038 3165; baseline 0.001 -22"><span class='ocrx_word' id='word_1_184' title='bbox 268 3079 308 3143; x_wconf 91' lang='lat' dir='ltr'>ln</span> <span class='ocrx_word' id='word_1_185' title='bbox 329 3077 546 3144; x_wconf 87' lang='lat' dir='ltr'>Medicina</span> <span class='ocrx_word' id='word_1_186' title='bbox 568 3079 721 3146; x_wconf 85' lang='lat' dir='ltr'>Theorica</span> <span class='ocrx_word' id='word_1_187' title='bbox 744 3080 947 3165; x_wconf 86' lang='lat' dir='ltr'>Praeticaque</span> <span class='ocrx_word' id='word_1_188' title='bbox 969 3081 1038 3145; x_wconf 89' lang='lat' dir='ltr'>duo.</span> 
     </span>
    </p>

    <p class='ocr_par' dir='ltr' id='par_1_6' title="bbox 265 3184 1049 3270">
     <span class='ocr_line' id='line_1_26' title="bbox 265 3184 1049 3270; baseline -0.003 -21"><span class='ocrx_word' id='word_1_189' title='bbox 265 3184 303 3249; x_wconf 95' lang='lat' dir='ltr'>ln</span> <span class='ocrx_word' id='word_1_190' title='bbox 327 3185 474 3250; x_wconf 89' lang='lat' dir='ltr'>morali</span> <span class='ocrx_word' id='word_1_191' title='bbox 497 3184 776 3270; x_wconf 89' lang='lat' dir='ltr'>Philosophia</span> <span class='ocrx_word' id='word_1_192' title='bbox 798 3186 957 3270; x_wconf 87' lang='lat' dir='ltr'>collegiati</span> <span class='ocrx_word' id='word_1_193' title='bbox 980 3186 1049 3250; x_wconf 90' lang='lat' dir='ltr'>duo.</span> 
     </span>
    </p>

    <p class='ocr_par' dir='ltr' id='par_1_7' title="bbox 266 3289 897 3374">
     <span class='ocr_line' id='line_1_27' title="bbox 266 3289 897 3374; baseline 0.002 -20"><span class='ocrx_word' id='word_1_194' title='bbox 266 3289 305 3354; x_wconf 90' lang='lat' dir='ltr'>In</span> <span class='ocrx_word' id='word_1_195' title='bbox 328 3289 499 3354; x_wconf 89' lang='lat' dir='ltr'>Poetica</span> <span class='ocrx_word' id='word_1_196' title='bbox 522 3289 804 3374; x_wconf 88' lang='lat' dir='ltr'>Oratoriaque</span> <span class='ocrx_word' id='word_1_197' title='bbox 827 3291 897 3355; x_wconf 88' lang='lat' dir='ltr'>duo.</span> 
     </span>
    </p>

    <p class='ocr_par' dir='ltr' id='par_1_8' title="bbox 162 3392 1371 4642">
     <span class='ocr_line' id='line_1_28' title="bbox 266 3392 1370 3482; baseline -0.003 -24"><span class='ocrx_word' id='word_1_198' title='bbox 266 3395 305 3459; x_wconf 91' lang='lat' dir='ltr'>In</span> <span class='ocrx_word' id='word_1_199' title='bbox 328 3394 617 3482; x_wconf 91' lang='lat' dir='ltr'>Philosophia</span> <span class='ocrx_word' id='word_1_200' title='bbox 647 3397 836 3461; x_wconf 85' lang='lat' dir='ltr'>naturali</span> <span class='ocrx_word' id='word_1_201' title='bbox 867 3419 909 3460; x_wconf 89' lang='lat' dir='ltr'>ac</span> <span class='ocrx_word' id='word_1_202' title='bbox 942 3395 1152 3460; x_wconf 90' lang='lat' dir='ltr'>rationali</span> <span class='ocrx_word' id='word_1_203' title='bbox 1187 3392 1307 3457; x_wconf 88' lang='lat' dir='ltr'>duobus</span> <span class='ocrx_word' id='word_1_204' title='bbox 1337 3393 1370 3456; x_wconf 92' lang='lat' dir='ltr'>in</span> 
     </span>
     <span class='ocr_line' id='line_1_29' title="bbox 171 3497 1371 3588; baseline -0.004 -22"><span class='ocrx_word' id='word_1_205' title='bbox 171 3500 391 3566; x_wconf 86' lang='lat' dir='ltr'>contuberniis</span> <span class='ocrx_word' id='word_1_206' title='bbox 425 3501 570 3587; x_wconf 87' lang='lat' dir='ltr'>magistri</span> <span class='ocrx_word' id='word_1_207' title='bbox 593 3501 699 3566; x_wconf 84' lang='lat' dir='ltr'>decem</span> <span class='ocrx_word' id='word_1_208' title='bbox 730 3501 951 3588; x_wconf 83' lang='lat' dir='ltr'>persingulas</span> <span class='ocrx_word' id='word_1_209' title='bbox 983 3501 1047 3565; x_wconf 91' lang='lat' dir='ltr'>dies</span> <span class='ocrx_word' id='word_1_210' title='bbox 1077 3500 1168 3564; x_wconf 84' lang='lat' dir='ltr'>statis</span> <span class='ocrx_word' id='word_1_211' title='bbox 1192 3497 1277 3562; x_wconf 91' lang='lat' dir='ltr'>horis</span> <span class='ocrx_word' id='word_1_212' title='bbox 1301 3520 1371 3562; x_wconf 87' lang='lat' dir='ltr'>suas</span> 
     </span>
     <span class='ocr_line' id='line_1_30' title="bbox 171 3602 1370 3694; baseline -0.004 -23"><span class='ocrx_word' id='word_1_213' title='bbox 171 3606 387 3694; x_wconf 86' lang='lat' dir='ltr'>profiteantur</span> <span class='ocrx_word' id='word_1_214' title='bbox 401 3607 560 3686; x_wconf 90' lang='lat' dir='ltr'>lectiones,</span> <span class='ocrx_word' id='word_1_215' title='bbox 585 3608 805 3692; x_wconf 89' lang='lat' dir='ltr'>perpetuisque</span> <span class='ocrx_word' id='word_1_216' title='bbox 820 3607 987 3672; x_wconf 85' lang='lat' dir='ltr'>foueantur</span> <span class='ocrx_word' id='word_1_217' title='bbox 1008 3606 1183 3691; x_wconf 89' lang='lat' dir='ltr'>stipendiis.</span> <span class='ocrx_word' id='word_1_218' title='bbox 1229 3602 1370 3689; x_wconf 83' lang='lat' dir='ltr'>Gymna-</span> 
     </span>
     <span class='ocr_line' id='line_1_31' title="bbox 169 3701 1370 3798; baseline -0.003 -22"><span class='ocrx_word' id='word_1_219' title='bbox 169 3711 290 3776; x_wconf 87' lang='lat' dir='ltr'>siarchi</span> <span class='ocrx_word' id='word_1_220' title='bbox 314 3712 443 3795; x_wconf 88' lang='lat' dir='ltr'>insuper</span> <span class='ocrx_word' id='word_1_221' title='bbox 465 3711 541 3777; x_wconf 88' lang='lat' dir='ltr'>dicti</span> <span class='ocrx_word' id='word_1_222' title='bbox 556 3713 652 3777; x_wconf 88' lang='lat' dir='ltr'>studii</span> <span class='ocrx_word' id='word_1_223' title='bbox 668 3714 905 3798; x_wconf 84' lang='lat' dir='ltr'>perpendentes,</span> <span class='ocrx_word' id='word_1_224' title='bbox 930 3735 1026 3798; x_wconf 89' lang='lat' dir='ltr'>quam</span> <span class='ocrx_word' id='word_1_225' title='bbox 1041 3712 1149 3798; x_wconf 89' lang='lat' dir='ltr'>magni</span> <span class='ocrx_word' id='word_1_226' title='bbox 1164 3701 1232 3776; x_wconf 84' lang='lat' dir='ltr'>&#39;sint</span> <span class='ocrx_word' id='word_1_227' title='bbox 1253 3710 1370 3774; x_wconf 89' lang='lat' dir='ltr'>artium</span> 
     </span>
     <span class='ocr_line' id='line_1_32' title="bbox 168 3813 1368 3902; baseline -0.005 -20"><span class='ocrx_word' id='word_1_228' title='bbox 168 3817 312 3894; x_wconf 88' lang='lat' dir='ltr'>effectus,</span> <span class='ocrx_word' id='word_1_229' title='bbox 336 3817 453 3900; x_wconf 90' lang='lat' dir='ltr'>nequid</span> <span class='ocrx_word' id='word_1_230' title='bbox 475 3816 658 3883; x_wconf 88' lang='lat' dir='ltr'>liberalibus</span> <span class='ocrx_word' id='word_1_231' title='bbox 681 3817 802 3882; x_wconf 85' lang='lat' dir='ltr'>abesset</span> <span class='ocrx_word' id='word_1_232' title='bbox 824 3817 944 3896; x_wconf 89' lang='lat' dir='ltr'>literis,</span> <span class='ocrx_word' id='word_1_233' title='bbox 969 3821 1000 3882; x_wconf 88' lang='lat' dir='ltr'>et</span> <span class='ocrx_word' id='word_1_234' title='bbox 1023 3840 1085 3902; x_wconf 89' lang='lat' dir='ltr'>quo</span> <span class='ocrx_word' id='word_1_235' title='bbox 1108 3813 1368 3881; x_wconf 85' lang='lat' dir='ltr'>mathemati-</span> 
     </span>
     <span class='ocr_line' id='line_1_33' title="bbox 169 3917 1368 4006; baseline -0.005 -18"><span class='ocrx_word' id='word_1_236' title='bbox 169 3923 240 3988; x_wconf 87' lang='lat' dir='ltr'>cis</span> <span class='ocrx_word' id='word_1_237' title='bbox 262 3921 382 3986; x_wconf 80' lang='lat' dir='ltr'>alumni</span> <span class='ocrx_word' id='word_1_238' title='bbox 405 3921 534 3986; x_wconf 89' lang='lat' dir='ltr'>liberius</span> <span class='ocrx_word' id='word_1_239' title='bbox 556 3927 703 3987; x_wconf 83' lang='lat' dir='ltr'>vacarent</span> <span class='ocrx_word' id='word_1_240' title='bbox 725 3923 914 4006; x_wconf 88' lang='lat' dir='ltr'>disciplinis,</span> <span class='ocrx_word' id='word_1_241' title='bbox 949 3922 1062 4006; x_wconf 90' lang='lat' dir='ltr'>quibus</span> <span class='ocrx_word' id='word_1_242' title='bbox 1087 3921 1212 3986; x_wconf 79' lang='lat' dir='ltr'>Graecis</span> <span class='ocrx_word' id='word_1_243' title='bbox 1237 3919 1283 3983; x_wconf 91' lang='lat' dir='ltr'>nil</span> <span class='ocrx_word' id='word_1_244' title='bbox 1305 3917 1368 3982; x_wconf 85' lang='lat' dir='ltr'>fuit</span> 
     </span>
     <span class='ocr_line' id='line_1_34' title="bbox 168 4023 1368 4111; baseline -0.005 -19"><span class='ocrx_word' id='word_1_245' title='bbox 168 4026 341 4105; x_wconf 87' lang='lat' dir='ltr'>illustrius,</span> <span class='ocrx_word' id='word_1_246' title='bbox 365 4027 554 4111; x_wconf 89' lang='lat' dir='ltr'>magistrum</span> <span class='ocrx_word' id='word_1_247' title='bbox 577 4027 727 4094; x_wconf 80' lang='lat' dir='ltr'>Jonsnmr</span> <span class='ocrx_word' id='word_1_248' title='bbox 753 4027 940 4106; x_wconf 78' lang='lat' dir='ltr'>Scornnnn,</span> <span class='ocrx_word' id='word_1_249' title='bbox 975 4027 1203 4093; x_wconf 89' lang='lat' dir='ltr'>Astronomum</span> <span class='ocrx_word' id='word_1_250' title='bbox 1225 4023 1368 4090; x_wconf 86' lang='lat' dir='ltr'>doctissi-</span> 
     </span>
     <span class='ocr_line' id='line_1_35' title="bbox 168 4130 1368 4218; baseline -0.003 -22"><span class='ocrx_word' id='word_1_251' title='bbox 168 4153 264 4196; x_wconf 90' lang='lat' dir='ltr'>mum</span> <span class='ocrx_word' id='word_1_252' title='bbox 287 4132 335 4195; x_wconf 89' lang='lat' dir='ltr'>vel</span> <span class='ocrx_word' id='word_1_253' title='bbox 358 4130 540 4197; x_wconf 85' lang='lat' dir='ltr'>Archimedi</span> <span class='ocrx_word' id='word_1_254' title='bbox 554 4132 718 4218; x_wconf 81' lang='lat' dir='ltr'>Syracusio</span> <span class='ocrx_word' id='word_1_255' title='bbox 742 4156 806 4198; x_wconf 92' lang='lat' dir='ltr'>non</span> <span class='ocrx_word' id='word_1_256' title='bbox 831 4133 1051 4198; x_wconf 89' lang='lat' dir='ltr'>concedentem</span> <span class='ocrx_word' id='word_1_257' title='bbox 1074 4131 1290 4196; x_wconf 89' lang='lat' dir='ltr'>machinarum</span> <span class='ocrx_word' id='word_1_258' title='bbox 1313 4150 1368 4214; x_wconf 92' lang='lat' dir='ltr'>pe·</span> 
     </span>
     <span class='ocr_line' id='line_1_36' title="bbox 164 4235 1367 4322; baseline -0.003 -20"><span class='ocrx_word' id='word_1_259' title='bbox 164 4236 260 4312; x_wconf 87' lang='lat' dir='ltr'>ritia,</span> <span class='ocrx_word' id='word_1_260' title='bbox 284 4235 408 4319; x_wconf 92' lang='lat' dir='ltr'>publico</span> <span class='ocrx_word' id='word_1_261' title='bbox 431 4237 640 4302; x_wconf 86' lang='lat' dir='ltr'>conciliarunt</span> <span class='ocrx_word' id='word_1_262' title='bbox 668 4239 847 4304; x_wconf 81' lang='lat' dir='ltr'>honorario</span> <span class='ocrx_word' id='word_1_263' title='bbox 894 4238 1038 4322; x_wconf 89' lang='lat' dir='ltr'>Denique</span> <span class='ocrx_word' id='word_1_264' title='bbox 1068 4260 1104 4302; x_wconf 86' lang='lat' dir='ltr'>ex</span> <span class='ocrx_word' id='word_1_265' title='bbox 1128 4237 1203 4302; x_wconf 90' lang='lat' dir='ltr'>orbe</span> <span class='ocrx_word' id='word_1_266' title='bbox 1225 4235 1280 4301; x_wconf 91' lang='lat' dir='ltr'>illo</span> <span class='ocrx_word' id='word_1_267' title='bbox 1303 4235 1367 4298; x_wconf 91' lang='lat' dir='ltr'>dis-</span> 
     </span>
     <span class='ocr_line' id='line_1_37' title="bbox 164 4340 1368 4429; baseline -0.003 -21"><span class='ocrx_word' id='word_1_268' title='bbox 164 4341 364 4428; x_wconf 88' lang='lat' dir='ltr'>ciplinarum</span> <span class='ocrx_word' id='word_1_269' title='bbox 401 4343 595 4428; x_wconf 88' lang='lat' dir='ltr'>cyclopedia,</span> <span class='ocrx_word' id='word_1_270' title='bbox 637 4367 676 4409; x_wconf 88' lang='lat' dir='ltr'>ne</span> <span class='ocrx_word' id='word_1_271' title='bbox 710 4345 877 4429; x_wconf 90' lang='lat' dir='ltr'>quicquam</span> <span class='ocrx_word' id='word_1_272' title='bbox 916 4343 1081 4408; x_wconf 86' lang='lat' dir='ltr'>desiderari</span> <span class='ocrx_word' id='word_1_273' title='bbox 1114 4347 1220 4427; x_wconf 85' lang='lat' dir='ltr'>posset</span> <span class='ocrx_word' id='word_1_274' title='bbox 1249 4340 1368 4427; x_wconf 86' lang='lat' dir='ltr'>linguis</span> 
     </span>
     <span class='ocr_line' id='line_1_38' title="bbox 163 4447 1367 4536; baseline -0.002 -22"><span class='ocrx_word' id='word_1_275' title='bbox 163 4447 355 4522; x_wconf 89' lang='lat' dir='ltr'>ediscendis,</span> <span class='ocrx_word' id='word_1_276' title='bbox 379 4447 535 4533; x_wconf 88' lang='lat' dir='ltr'>insignem</span> <span class='ocrx_word' id='word_1_277' title='bbox 558 4451 731 4515; x_wconf 88' lang='lat' dir='ltr'>eruditione</span> <span class='ocrx_word' id='word_1_278' title='bbox 755 4450 971 4536; x_wconf 89' lang='lat' dir='ltr'>cognitissima</span> <span class='ocrx_word' id='word_1_279' title='bbox 999 4449 1102 4515; x_wconf 80' lang='lat' dir='ltr'>virum</span> <span class='ocrx_word' id='word_1_280' title='bbox 1125 4448 1172 4514; x_wconf 84' lang='lat' dir='ltr'>Jo.</span> <span class='ocrx_word' id='word_1_281' title='bbox 1195 4447 1367 4514; x_wconf 80' lang='lat' dir='ltr'>Rnuonnrs</span> 
     </span>
     <span class='ocr_line' id='line_1_39' title="bbox 162 4553 1366 4642; baseline 0 -24"><span class='ocrx_word' id='word_1_282' title='bbox 162 4553 382 4618; x_wconf 89' lang='lat' dir='ltr'>Phoroensem</span> <span class='ocrx_word' id='word_1_283' title='bbox 404 4554 630 4638; x_wconf 69' lang='lat' dir='ltr'>prefecerunt,</span> <span class='ocrx_word' id='word_1_284' title='bbox 654 4557 711 4640; x_wconf 88' lang='lat' dir='ltr'>qui</span> <span class='ocrx_word' id='word_1_285' title='bbox 731 4555 953 4642; x_wconf 78' lang='lat' dir='ltr'>Hebraeas</span> <span class='ocrx_word' id='word_1_286' title='bbox 975 4555 1166 4640; x_wconf 69' lang='lat' dir='ltr'>Sancte-sque</span> <span class='ocrx_word' id='word_1_287' title='bbox 1188 4577 1223 4619; x_wconf 87' lang='lat' dir='ltr'>ac</span> <span class='ocrx_word' id='word_1_288' title='bbox 1246 4553 1366 4619; x_wconf 86' lang='lat' dir='ltr'>Grae·</span> 
     </span>
    </p>
   </div>
   <div class='ocr_carea' id='block_1_3' title="bbox 0 0 1736 5318">
    <p class='ocr_par' dir='ltr' id='par_1_9' title="bbox 0 0 1736 5318">
     <span class='ocr_line' id='line_1_40' title="bbox 0 0 1736 5318; baseline 0 8"><span class='ocrx_word' id='word_1_289' title='bbox 0 0 1736 5318; x_wconf 95' lang='lat' dir='ltr'> </span> 
     </span>
    </p>
   </div>
  </div>
 </body>
</html>
