3460 5314
686 453 834 512 Ordinsm
854 457 930 510 1⁴96.
1345 461 1408 526 269

288 613 371 678 Item
396 615 430 678 in
454 619 621 694 euentum,
654 636 716 698 quo
747 613 863 697 aliquis
896 615 1152 698 supradictorum
1174 615 1406 682 ordinariorum

198 718 281 783 torte
313 719 353 784 ob
384 721 514 786 materie
546 742 641 804 quam
673 718 894 783 resumendum
924 719 1096 803 assumpsit
1133 720 1348 803 prolixitatem
1371 725 1404 786 ct

164 825 168 832 ’
201 823 504 908 condependentism
528 826 562 888 in
585 847 621 889 ea
643 829 733 909 parte
755 823 842 900 anni,
868 847 930 908 que
953 824 1059 908 ipsum
1082 825 1262 909 contigerit,
1287 826 1406 890 diutius

204 949 299 1012 quam
323 950 390 994 sors
414 953 470 994 sua
492 931 633 1016 exigeret
655 951 744 996 suum
760 929 946 1016 produceret
968 929 1228 1013 resumptionem,
1252 931 1405 1012 volumus,

203 1033 284 1118 quod
320 1035 347 1098 si
380 1035 499 1100 socium
533 1035 582 1100 vie
616 1057 670 1099 sue
705 1034 938 1100 coordinarium
969 1038 1001 1098 et
1030 1034 1066 1098 in
1098 1035 1311 1118 resumptione
1344 1036 1406 1100 sibi

203 1159 417 1203 successurum
440 1140 603 1218 habuerit,
637 1142 663 1204 is
685 1161 723 1204 ex
746 1144 819 1224 post
840 1143 931 1203 tento
955 1138 1075 1203 diutius
1099 1143 1255 1218 resumet,
1287 1145 1406 1224 quanto

201 1242 282 1307 alius
304 1243 441 1330 emplius
464 1267 559 1328 quum
582 1244 692 1309 debuit
707 1265 797 1308 suam
819 1242 1006 1328 prorogauit
1028 1244 1287 1328 resumptionem,
1310 1250 1405 1329 prout

201 1347 286 1432 ipsos
320 1348 405 1413 inter
437 1371 470 1414 se
501 1371 595 1434 super
626 1371 662 1414 eo
692 1349 861 1414 conuenire
883 1347 1036 1412 volumus.
1083 1345 1117 1411 Si
1140 1369 1214 1412 vero
1236 1370 1294 1433 pro
1327 1353 1404 1415 tunc

202 1453 321 1517 sotium
343 1454 394 1518 vie
415 1459 487 1538 post
509 1475 542 1519 se
564 1458 817 1539 resumpturum,
841 1459 920 1538 pute
942 1453 1017 1536 quia
1038 1452 1217 1538 egritudine
1240 1453 1290 1517 vel
1312 1456 1407 1520 etatis

1422 1023 1429 1054 l

84 1639 90 1652 .
205 1556 382 1622 valitudine
403 1565 582 1643 grauatum,
605 1561 775 1625 secundnm
804 1580 842 1623 cs
864 1579 924 1641 que
950 1579 1046 1642 supra
1074 1577 1221 1640 expressa
1242 1561 1319 1622 sunt
1341 1581 1405 1624 non

202 1661 360 1740 hebuerit,
383 1685 421 1728 ex
443 1667 521 1728 tunc
543 1664 593 1728 illi
616 1669 708 1728 tento
725 1663 846 1728 tardius
868 1663 1071 1748 prosequenti
1094 1683 1178 1726 οηηο
1200 1663 1240 1727 ad
1262 1685 1405 1748 resump·
1445 1711 1448 1718 ,

202 1766 322 1832 tionem
353 1789 419 1833 sese
454 1769 691 1855 contingentem
727 1769 829 1834 redire
862 1769 973 1846 liccat,
1006 1771 1125 1852 quanto
1158 1767 1191 1831 in
1226 1768 1405 1852 precedenti

202 1895 286 1938 enno
308 1873 502 1958 productiori
524 1880 665 1958 tempore
688 1874 872 1939 resumendo
894 1872 1060 1938 laborauit.

294 1977 438 2062 Denique
456 1977 562 2043 uoluit
584 1985 693 2044 nostra
715 1980 917 2057 uniuersitss,
942 1979 1045 2063 quod,
1068 1999 1163 2062 quem
1185 1976 1324 2061 primum
1347 1975 1405 2042 ills

205 2084 245 2149 ad
269 2106 337 2148 eam
361 2085 523 2149 deuenerit
545 2085 748 2164 facultatem,
779 2107 842 2169 que
873 2087 1068 2168 quartum
1091 2082 1344 2168 theologum
1367 2103 1403 2147 sc

200 2189 484 2255 extraordinarium
508 2189 586 2254 iuris
617 2191 706 2254 iuxta
728 2194 870 2256 tenorem
886 2190 979 2254 huius
1002 2188 1172 2253 nouissime
1194 2187 1404 2253 ordinacionis

201 2294 395 2380 stipendiare
420 2296 530 2379 possit,
555 2317 592 2360 cx
616 2299 692 2360 tunc
717 2317 790 2360 mox
812 2296 852 2361 ad
867 2295 1054 2360 electionem
1069 2292 1248 2356 huiusmodi
1263 2291 1405 2376 theologi

201 2404 234 2464 et
257 2400 500 2465 extraordinarii
527 2401 604 2472 iuris
627 2401 722 2465 simul
744 2401 909 2485 procedere
926 2400 1052 2464 debeat.

293 2504 332 2568 In
357 2527 489 2588 quorum
513 2505 607 2570 fidem
630 2510 661 2571 et
677 2507 896 2570 testimonium
914 2505 1139 2590 premissorum
1161 2523 1219 2568 nos
1245 2507 1349 2568 rector
1370 2505 1403 2569 et

200 2611 390 2676 uniuersitns
414 2634 535 2677 necnon
559 2613 692 2677 facultas
716 2612 894 2698 theologica
917 2611 1049 2696 predicti
1071 2609 1177 2696 sigilla
1200 2614 1310 2675 nostra
1330 2629 1402 2693 pre-

201 2716 344 2781 sentibus
367 2717 513 2782 duximus
545 2718 819 2802 subappendends.
874 2715 942 2783 Nos
973 2739 1046 2782 vero
1069 2715 1285 2781 Johannes
1308 2714 1401 2780 Ver·

201 2823 457 2905 genubanns
479 2824 656 2907 prepositus
671 2830 703 2889 ct
718 2823 920 2890 cancellarius
938 2822 1079 2908 prefatus
1102 2820 1239 2885 latemur
1261 2825 1293 2884 et
1315 2841 1401 2885 recc-

202 2925 383 3010 gnoscimus
407 2929 513 3012 pelam
535 2950 592 3012 per
614 2933 792 3012 presentes,
821 2928 975 3014 premissa
1005 2927 1112 2990 omnis
1133 2930 1166 2990 et
1187 2924 1314 3010 singula
1335 2927 1403 2988 tam

204 3029 244 3096 de
266 3030 399 3096 illustris
422 3031 574 3116 principis
597 3037 629 3097 et
651 3033 828 3098 fundatoris
850 3038 959 3097 nostre
981 3030 1196 3096 uniuersitatis
1214 3027 1403 3096 Enssmsnr

201 3159 292 3201 nuors
317 3161 351 3201 ru
371 3135 594 3203 Wrsnnunnse
616 3163 656 3203 nn
678 3139 839 3204 Dnunetc.
865 3161 960 3222 quam
983 3142 1093 3202 nostro
1118 3157 1271 3200 consensu
1293 3138 1324 3198 et
1347 3152 1402 3196 vo·

201 3244 325 3309 luntete
340 3247 535 3328 processisse.
559 3244 679 3309 Idcirco
687 3245 919 3309 ordinationem
931 3243 1110 3308 huiusmodi
1125 3246 1157 3306 et
1175 3241 1237 3305 slis
1252 3240 1404 3325 premisse

204 3349 445 3434 approbandum
462 3351 714 3415 auctorisendum
728 3355 759 3415 et
769 3350 980 3414 roborandum
992 3349 1137 3413 duximus
1149 3369 1185 3412 sc
1194 3343 1405 3430 approbamus

203 3455 430 3520 auctorisnmus
453 3462 484 3520 et
507 3457 690 3521 roboramus
714 3477 770 3541 per
785 3459 956 3539 presentes,
979 3455 1013 3518 in
1029 3453 1117 3517 cuius
1138 3452 1185 3516 rei
1208 3449 1402 3515 euidentiam

202 3565 346 3623 nostrum
370 3561 512 3645 sigillum
535 3560 681 3626 similiter
704 3559 902 3645 presentibus
918 3559 1064 3624 duximus
1088 3554 1399 3640 subappendendum.

198 3661 317 3728 Datum
351 3664 527 3751 Tuwingen
558 3689 585 3731 ο.
610 3665 639 3730 d.
667 3667 750 3730 1496
780 3665 830 3730 die
860 3687 945 3730 nono
975 3664 1018 3730 M.
1043 3662 1208 3739 Octobris,
1246 3659 1279 3724 in
1304 3682 1401 3743 quum

200 3767 325 3862 festum
342 3768 372 3834 S.
396 3768 533 3835 Dionisii
557 3771 679 3850 incidit,
702 3771 859 3836 indicione
883 3771 1126 3855 quartodecimo.

269 3975 353 4031 Univ.
371 3976 474 4032 Archiv
492 3977 549 4031 Mh.
568 3976 588 4042 I,
610 3979 641 4033 10
660 3976 740 4046 Perg.
759 3975 812 4031 mit
831 3976 943 4046 Siegeln
962 3976 1011 4033 der
1023 3975 1155 4032 Facultttt
1173 3972 1230 4037 und
1249 3971 1297 4027 des
1310 3969 1401 4027 Kenn-

199 4063 261 4129 lcrs,
280 4064 339 4118 und
357 4064 418 4130 ΧΠ,
437 4066 479 4118 21.
498 4064 646 4120 Eisenlohr
666 4067 707 4121 56.
727 4065 901 4120 Weizsbcker
922 4069 961 4121 15.
