3460 5314
689 447 804 504 statua
824 449 902 505 1539.
1331 457 1395 520 293

197 629 238 671 an
260 607 520 687 ordinationibus,
545 629 607 691 quo
623 608 661 672 ad
676 611 809 693 teman,
833 613 865 674 et
880 609 943 674 alia
959 611 1156 696 praescripta
1171 610 1395 681 Vniuersitatis

198 712 232 777 in
255 713 317 778 ista
339 715 533 797 professione
553 713 742 780 satisfecisse
765 720 870 781 ratum
892 715 994 781 iacere
1007 709 1126 800 possit,
1151 721 1346 803 respondeto.

196 886 271 964 Qui
294 887 561 974 professores
591 888 764 974 dignum
796 891 1053 956 admissione
1084 891 1315 960 iudicatum
1337 896 1394 960 in-

499 993 669 1077 qnirere
698 999 737 1058 et
759 1017 903 1062 creare
926 996 1083 1062 debent.

146 1113 167 1157 ⁸
288 1131 446 1218 Ordinarij
470 1133 607 1219 primum
623 1131 769 1198 Lectores
792 1139 823 1199 et
847 1134 958 1200 deinde
973 1135 1086 1220 reliqui
1103 1137 1295 1221 professores
1317 1162 1395 1225 quo-

197 1261 268 1325 que,
293 1239 426 1322 quilibet
449 1240 483 1304 in
506 1261 563 1303 sua
584 1238 744 1316 facultate,
767 1239 821 1324 alij
844 1241 878 1304 in
900 1239 978 1305 Jure
994 1239 1160 1321 Oanonioo,
1185 1244 1238 1328 alij
1262 1245 1295 1308 in
1318 1245 1396 1310 Jure

197 1344 296 1422 ciuili,
320 1344 465 1409 licentiae
488 1344 622 1430 gradum
644 1344 781 1428 petentis
804 1349 870 1410 tam
897 1348 1127 1414 examinatores
1149 1372 1244 1432 quam
1267 1373 1394 1436 promo·

198 1454 284 1514 tores
307 1453 409 1540 sunto.
456 1447 490 1513 Si
525 1448 608 1532 qnod
636 1470 718 1512 unus
741 1450 800 1527 sit,
831 1451 886 1535 qui
910 1451 1032 1516 dicatur
1054 1453 1211 1520 ordinarie
1232 1455 1336 1542 legere
1359 1456 1392 1520 in

198 1553 277 1620 Jure
299 1553 466 1633 Canonico,
489 1558 522 1620 et
543 1553 597 1637 alij
621 1553 691 1633 dno,
716 1576 849 1638 quorum
871 1556 952 1621 alter
974 1580 1058 1623 noua
1080 1558 1158 1640 iura,
1183 1561 1263 1626 alter
1286 1565 1390 1626 extra-

196 1661 387 1728 ordinariam
412 1659 499 1726 Juris
522 1660 673 1725 Canonici
703 1660 870 1725 lectionem
903 1661 1121 1746 profiteantur.
1168 1663 1216 1728 Ex
1238 1666 1288 1730 his
1310 1688 1395 1746 uero,

197 1767 317 1850 siquis
341 1766 479 1843 deficiet,
511 1765 656 1830 Decanus
689 1766 780 1831 istius
810 1768 962 1853 temporis
993 1770 1078 1854 tertij
1111 1770 1215 1836 locum
1240 1773 1394 1858 suppleat,

198 1872 282 1956 quod
307 1873 335 1936 si
357 1871 515 1956 professor
539 1871 677 1936 eiusdem
699 1872 777 1936 iuris
800 1874 859 1950 sit,
883 1876 915 1938 et
937 1873 1037 1940 adbuc
1059 1879 1165 1940 tamen
1188 1876 1273 1942 loeus
1297 1882 1395 1958 uacat,

198 1983 273 2044 tunc
296 1979 332 2054 is,
356 1978 467 2061 quiin
490 1998 526 2041 eo
549 1977 738 2062 magistratu
761 1977 865 2062 ipsum
884 1979 1061 2063 praecessit,
1085 1980 1237 2047 inlocum
1253 1984 1395 2048 uacantis

198 2083 350 2148 succedat.
397 2083 458 2148 Par
481 2083 544 2148 erit
568 2083 650 2148 ratio
671 2082 918 2149 Decernentium
942 2086 1059 2172 gradus
1081 2087 1116 2152 in
1131 2087 1208 2154 Jure
1231 2087 1338 2168 Ciuili,
1361 2093 1396 2154 vt

197 2189 240 2254 sit
262 2209 361 2267 nnus,
393 2189 447 2273 qui
479 2188 601 2254 dicatur
623 2188 780 2254 ordinarie
802 2189 926 2277 legere,
958 2191 1073 2276 reliqui
1095 2193 1164 2272 duo,
1189 2195 1244 2278 qui
1267 2216 1396 2280 operam

197 2294 415 2379 praelegendis
436 2294 577 2381 Digestis
599 2297 632 2359 et
653 2294 915 2361 Institutionibus
938 2296 1143 2381 impendunt,
1176 2302 1208 2364 et
1230 2299 1336 2384 aliquo
1358 2322 1396 2364 ex

198 2397 249 2462 his
280 2398 456 2477 deficiente,
488 2399 592 2464 locum
622 2399 739 2464 habeat
761 2400 861 2479 idem,
895 2401 977 2484 quod
1005 2423 1101 2487 supra
1133 2404 1293 2469 statuitur.
1338 2402 1395 2469 Sin

76 2503 88 2526 “
201 2506 304 2568 autern
326 2505 517 2570 Candidatus
548 2508 637 2589 petat
666 2504 799 2570 eundem
828 2506 981 2572 honorem
1009 2507 1044 2572 in
1072 2512 1204 2592 atroque
1226 2508 1304 2575 Jure
1334 2509 1395 2574 sibi

204 2608 332 2687 decerni,
356 2613 434 2674 tunc
455 2610 489 2674 in
513 2610 654 2694 quolibet
677 2609 755 2675 Jnre
777 2632 866 2687 snus,
890 2633 983 2696 quem
1006 2611 1100 2678 liceat
1122 2613 1286 2679 nominare
1300 2611 1394 2680 Ordi-

201 2713 335 2793 narium,
359 2719 390 2779 et
412 2715 473 2780 duo
495 2715 549 2799 alij
572 2715 764 2800 professores
786 2717 815 2781 ei
837 2717 1028 2804 delegantur.

197 2889 252 2956 De
280 2890 454 2976 priuato
483 2889 680 2955 Examinc
709 2912 797 2955 cum
827 2889 1063 2958 Candideto
1094 2894 1141 2958 ad
1171 2895 1395 2962 licentiam

652 2996 934 3061 instituendo.

285 3137 432 3203 Admisso
462 3138 502 3202 ad
523 3136 665 3204 Examen
687 3138 862 3204 Candidato
884 3137 1070 3206 Ordinarius
1101 3145 1133 3206 et
1155 3138 1396 3208 Examinatores

199 3243 338 3329 delegati
359 3243 464 3308 locum
485 3249 518 3308 et
540 3244 622 3308 diem
644 3248 796 3324 statuant,
821 3244 909 3310 cuius
939 3246 1076 3311 diluculo
1098 3245 1143 3310 ibi
1167 3251 1317 3332 appareat
1339 3271 1395 3313 au-

199 3351 343 3427 diturus,
375 3350 429 3432 qui
459 3350 668 3434 respondendi
699 3352 872 3428 tractatus,
903 3355 936 3414 et
965 3355 1002 3414 ut
1031 3351 1131 3416 nostri
1153 3355 1285 3432 uocant,
1318 3375 1396 3437 quae

199 3458 375 3540 puncta,
399 3459 435 3520 ut
456 3456 496 3520 ad
518 3478 554 3520 ea
576 3477 614 3520 ex
636 3455 685 3520 sui
707 3454 795 3520 Juris
817 3453 921 3520 studio
944 3455 1142 3540 respondeat,
1166 3457 1228 3542 ipsi
1251 3459 1395 3522 commit

198 3564 316 3626 tentur.
362 3559 479 3626 Eodem
495 3583 592 3647 porro
609 3561 666 3639 die,
691 3564 763 3645 post
777 3561 954 3645 prandium,
977 3561 1057 3628 hora
1071 3563 1206 3628 secunde
1220 3563 1271 3627 nel
1288 3565 1394 3643 tertia,

200 3666 462 3752 quemadmodum
484 3665 732 3752 Inquisitoribus
765 3670 870 3732 mente
899 3667 1036 3747 sedebit,
1066 3667 1106 3733 ad
1138 3668 1271 3732 eundem
1292 3667 1396 3734 locum

198 3773 311 3850 redito,
331 3774 502 3837 tractatum
524 3773 584 3837 sibi
607 3772 815 3838 commissum
837 3773 977 3854 recitato,
1002 3779 1110 3858 postea
1132 3774 1302 3839 secundum
1324 3797 1396 3839 eum

200 3879 240 3944 ad
256 3879 451 3965 interrogata
465 3876 655 3944 Ductoribus
670 3879 866 3964 respondeto.
903 3879 966 3945 Vbi
986 3880 1014 3944 si
1035 3901 1099 3945 non
1114 3901 1221 3945 omnes
1240 3880 1396 3959 idoneum,

200 3991 256 4050 aut
276 3984 335 4049 tali
357 3984 475 4049 honore
497 3984 629 4071 dignum
652 4007 723 4050 eum
746 3985 810 4050 imo
833 3987 938 4071 potius
966 3987 1123 4071 tantisper
1146 3987 1305 4071 repulsam
1328 3987 1396 4072 pati

200 4089 311 4155 debere
332 4090 550 4169 iudicauerint,
573 4092 670 4156 donec
690 4091 852 4158 solidiores
875 4093 924 4157 sui
946 4092 1041 4176 studij
1065 4092 1184 4157 radices
1209 4091 1325 4170 iecerit,
1354 4092 1392 4156 ad

199 4195 328 4280 aliquod
350 4196 489 4279 spacium
511 4218 582 4261 eum
604 4198 793 4281 repellunto.

258 4323 260 4328 ·
285 4299 399 4366 Jurent
421 4306 526 4366 autem
547 4325 580 4368 se
601 4324 658 4368 neo
680 4303 750 4369 odio
772 4307 829 4368 ant
850 4324 964 4384 amore,
993 4325 1050 4368 neo
1073 4303 1193 4368 inuidia
1214 4307 1270 4368 ant
1292 4304 1386 4368 bene-

201 4407 341 4474 uolentia
363 4409 491 4486 moneri,
515 4409 568 4473 sed
590 4409 732 4475 veritatis
755 4409 860 4474 studio
882 4408 946 4474 tale
966 4409 1117 4474 iudicium
1132 4431 1189 4474 neo
1204 4409 1291 4475 aliud
1314 4408 1398 4476 bona

203 4513 395 4581 conscientia
430 4514 568 4598 potuisse
597 4514 687 4580 ferre.
733 4515 767 4582 Si
797 4538 872 4581 uero
903 4538 1012 4582 omnes
1042 4516 1188 4582 idoneum
1212 4520 1244 4580 et
1266 4516 1397 4603 dignum
