3460 5314
673 489 821 546 Ordinatio
843 491 918 546 1496.
1052 543 1058 552 ,
1187 567 1197 574 ἱ
1340 496 1416 562 267·

196 655 321 722 solidos.
384 652 466 717 Item
497 650 523 715 si
553 651 724 734 contigerit
761 654 992 734 resumptorem
1022 673 1061 714 ex
1095 652 1280 718 rationabili
1309 675 1404 718 causa

197 761 294 826 alium
316 757 509 844 Magistrum
531 755 690 840 theologie
712 755 762 820 vel
786 755 897 820 saltem
921 753 1153 835 Licentiatum,
1185 759 1240 842 qui
1263 758 1331 824 loeo
1353 759 1402 822 sui

197 867 346 941 resumat,
370 863 410 929 ad
431 866 556 945 tempus
572 861 667 926 breue
682 859 882 936 substituere,
907 860 1028 926 nullam
1044 865 1189 930 teneatur
1206 864 1402 930 substituens

197 970 238 1034 ob
260 968 493 1037 ordinationem
515 965 669 1050 principis
691 965 820 1051 patroni
842 966 944 1030 nostri
967 966 1048 1031 bone
1070 969 1220 1034 memorie
1241 969 1403 1035 licentiam

197 1076 304 1160 petere
317 1073 366 1138 vel
382 1072 525 1138 obtinere
542 1073 560 1136 ¹.
606 1070 688 1135 Item
711 1072 795 1156 quod
817 1071 899 1135 sicut
913 1093 978 1136 non
995 1072 1155 1157 obligatur
1171 1073 1329 1159 quispiam
1351 1095 1402 1140 or·

200 1178 396 1246 dinariorum
419 1199 485 1244 sese
501 1199 596 1261 super
611 1177 778 1242 ordinariis
797 1176 986 1242 lectionibus
1009 1181 1163 1261 tanquam
1186 1178 1402 1264 negligentem

198 1283 400 1362 denunciare,
433 1283 558 1368 quando
589 1283 635 1346 ita
657 1282 859 1367 repentinum
885 1282 914 1346 ei
936 1283 1107 1347 occurrerit
1130 1284 1401 1368 impedimentum,

199 1389 282 1473 quod
305 1389 460 1453 breuitate
482 1387 630 1452 obstante
652 1387 803 1471 temporis
827 1388 924 1451 alium
948 1388 1094 1472 nequiuit
1122 1389 1333 1467 substituere,
1356 1389 1403 1453 ita

198 1494 231 1560 id
246 1495 328 1559 idem
351 1499 446 1579 atque
468 1494 571 1558 simile
593 1494 627 1557 in
651 1492 782 1577 prefatis
806 1493 989 1568 obseruator
1012 1493 1293 1579 resumptionibus.
1318 1492 1402 1558 Item

201 1599 282 1664 sicut
304 1600 331 1663 ai
353 1621 392 1663 ex
415 1599 575 1664 accidente
597 1598 646 1662 vel
668 1597 756 1662 senio
779 1598 938 1682 quispiam
959 1597 1193 1664 ordinariorum
1216 1599 1402 1664 diuturnam

200 1705 344 1769 incidens
366 1703 584 1769 infirmitatem
600 1725 654 1768 seu
669 1703 885 1782 valitudinem,
909 1703 949 1768 ob
973 1725 1068 1787 quam
1091 1704 1257 1770 lectionem
1276 1704 1402 1770 ordina·

202 1809 282 1874 riam
316 1809 463 1894 perficere
495 1808 622 1892 nequit,
654 1829 717 1872 non
751 1812 878 1873 tenetur
911 1831 967 1893 per
1002 1808 1101 1874 alium
1124 1831 1215 1873 suam
1237 1809 1402 1894 prouidere

202 1913 370 1978 lectionem
384 1913 586 1991 ordinariam,
603 1913 649 1977 ita
663 1913 746 2000 idem
763 1914 796 1978 in
812 1914 1080 1998 resurnptionibus
1093 1915 1286 1979 obseruatum
1313 1912 1402 1990 Quod

204 2017 301 2082 etiam
315 2017 425 2103 ipsius,
442 2019 497 2102 qni
512 2017 691 2082 huiusmodi
706 2017 867 2082 incidisset
879 2017 1096 2097 valitudinem,
1113 2018 1302 2084 conscientie
1317 2039 1403 2084 eom·

206 2122 362 2188 mittatur.
406 2121 487 2187 Item
513 2122 541 2186 ri
554 2121 710 2208 Magistro
734 2121 1006 2188 collationem
1028 2123 1131 2190 faeere
1152 2124 1279 2190 debenti
1302 2123 1404 2210 magis

205 2225 362 2311 placuerit
373 2228 543 2312 aliquando
555 2227 732 2292 collationis
747 2229 815 2294 loco
826 2228 968 2312 aliquam
982 2227 1127 2293 deuotam
1144 2229 1192 2292 vel
1203 2228 1281 2294 alias
1291 2227 1402 2292 utilem

200 2331 368 2396 materiam
389 2332 637 2398 extraordinarie
659 2333 835 2417 quindecim
862 2354 1019 2397 resumere
1041 2333 1161 2412 diebuS,
1185 2336 1241 2397 aut
1264 2325 1298 2397 in
1320 2333 1402 2418 pub·

200 2435 270 2500 licis
293 2435 385 2501 aeolis
413 2437 463 2502 die
486 2437 593 2521 aliqua
622 2441 754 2502 vacante
775 2437 1060 2502 extraordinariam
1090 2440 1197 2503 tenere
1220 2439 1320 2504 trium
1341 2437 1400 2501 ho·

200 2561 307 2604 rarum
329 2542 432 2625 spatio
455 2541 712 2626 disputationem,
735 2541 870 2606 liberum
899 2541 942 2606 sit
963 2542 1064 2607 eidem
1087 2541 1170 2609 hane
1192 2547 1346 2630 tauquam
1369 2543 1402 2608 in

202 2645 316 2711 melius
338 2647 413 2730 quid
435 2652 467 2712 et
488 2648 598 2713 vtilius
621 2641 723 2712 faeere
746 2648 1036 2714 commutacionem.

292 2750 374 2816 Item
396 2753 550 2839 Magister
573 2753 734 2839 theologie
749 2753 930 2818 ordinarius
952 2775 1017 2819 non
1033 2751 1153 2818 habens
1169 2751 1230 2818 nisi
1247 2752 1403 2836 quinqua·

201 2858 294 2943 ginta
315 2858 459 2936 florenos,
483 2880 547 2922 non
571 2859 613 2922 sit
636 2859 784 2923 astrictus
815 2859 855 2922 ad
883 2859 1023 2944 aliquam
1047 2857 1248 2922 collatIonem
1270 2856 1333 2922 nisi
1356 2855 1402 2920 al·

199 2963 334 3028 ternatis
371 2963 463 3028 annis
485 2966 519 3027 et
541 2963 575 3027 iu
596 2986 682 3028 anuo
716 2963 845 3028 nonnisi
872 2964 911 3028 ad
933 2985 1028 3029 vnam
1051 2963 1295 3047 disputationem
1317 2960 1402 3025 ordi·

200 3067 341 3145 nariam,
370 3067 415 3132 sie
447 3068 564 3132 etenim
595 3069 773 3134 saluabItur
805 3067 1028 3134 nichilominus
1059 3068 1268 3134 ordinationis
1302 3067 1403 3150 ipsius

201 3173 330 3237 effeetus
352 3176 446 3257 atque
468 3172 642 3258 dispositio,
689 3174 777 3238 Petit
799 3174 934 3257 denique
956 3173 1103 3238 Facultas
1125 3174 1205 3257 ipsa,
1229 3175 1264 3236 vt
1285 3170 1403 3235 talibus

200 3277 368 3344 ordinariis
391 3279 579 3344 uniuersitas
612 3279 694 3363 apud
718 3277 894 3363 principem
921 3299 979 3361 pro
1002 3281 1145 3361 tempore
1167 3280 1263 3361 atque
1285 3279 1403 3340 eeteros

200 3382 241 3447 ad
263 3383 471 3449 ecclesiastiea
492 3384 708 3450 beneficia
730 3386 910 3467 presentare
925 3381 1088 3457 babentes,
1112 3380 1230 3445 auxilio
1245 3381 1321 3446 velIt
1337 3401 1403 3444 esse

201 3492 234 3552 et
256 3487 464 3571 promotioni,
501 3493 536 3554 vt
565 3489 707 3555 exilitate
738 3488 967 3572 stipendiorum
991 3487 1125 3552 durante
1155 3487 1234 3552 talia
1255 3485 1403 3570 consequi

201 3593 353 3658 beneficia
375 3599 503 3677 queant,
526 3595 564 3659 de
588 3596 702 3679 quibus
718 3595 780 3677 ipsi
803 3594 836 3656 iu
854 3592 998 3657 absentia
1013 3592 1152 3657 deiectis
1171 3590 1399 3676 stipendiorum

203 3720 333 3763 suorum
364 3699 509 3784 supplere
530 3700 665 3764 valeant.
707 3698 790 3763 Item
821 3698 847 3760 si
871 3697 987 3762 tuturis
1026 3697 1222 3782 temporibus
1256 3696 1403 3783 Magistri

201 3801 363 3888 theologie
385 3805 588 3888 experiantur
603 3805 782 3869 auditorum
798 3804 833 3868 in
849 3803 1015 3867 visitandis
1031 3806 1064 3868 et
1079 3803 1243 3868 audiendis
1259 3825 1400 3887 resump-

201 3908 342 3974 tionibus
365 3911 605 3996 negligentiam,
629 3911 745 3976 habeat
771 3909 949 3995 theologica
964 3907 1100 3973 facultas
1116 3911 1305 3992 potestatem
1328 3929 1403 3972 con·

202 4013 328 4078 finiendi
351 4036 387 4078 ea
410 4019 442 4079 et
464 4015 542 4080 talia
564 4020 685 4082 statuta
708 4020 739 4081 ct
761 4014 997 4093 ordinationes,
1022 4014 1136 4098 quibua
1158 4013 1197 4078 ad
1220 4013 1403 4099 diligentius

204 4118 399 4184 visitandum
415 4123 684 4207 constringantur,
709 4123 747 4187 de
768 4143 830 4206 quo
853 4120 969 4184 futuris
988 4119 1193 4203 temporibus,
1217 4140 1288 4183 eum
1311 4139 1403 4202 expe-

203 4222 343 4290 rimenta
363 4226 549 4303 claruerint,
580 4228 707 4293 uberior
730 4229 787 4292 fiat
809 4225 994 4292 deliberatio
1017 4228 1112 4309 atque
1134 4223 1283 4308 prouisio.
1322 4222 1404 4288 Item

201 4329 286 4414 quod
316 4336 476 4416 presentes
507 4335 571 4397 tres
604 4333 756 4397 ordinarii
784 4332 824 4396 ad
855 4330 1039 4395 huiusmodi
1072 4332 1304 4415 resumptionea
1338 4349 1402 4393 non

275 4558 286 4610 1
309 4575 331 4611 a.
351 4558 377 4613 S.
395 4559 437 4613 86.
