3462 5314
320 382 383 446 518
879 376 960 437 1491.

321 546 369 605 16.
394 540 556 607 Johannes
579 538 738 604 Waltheri
761 538 799 602 de
823 535 1044 622 Terendingen
1069 541 1108 602 25
1133 536 1233 603 Junii.

321 651 368 709 17.
394 645 500 710 Othm.
525 644 660 730 Vdgelin
684 644 722 707 de
744 641 929 728 Memingen
953 644 1073 725 penult.
1098 643 1187 708 Junii
1211 645 1258 708 nil
1281 645 1368 710 dedit
1389 668 1518 730 pauper.

320 756 368 815 18.
394 750 549 815 Rudollua
572 749 723 814 R6schlin
747 749 784 812 de
807 747 955 830 Thureuo
977 748 1024 811 nil
1047 748 1134 814 dedit
1157 754 1196 812 21
1222 748 1323 814 Junii.

322 861 369 919 19.
394 854 548 919 Melchior
567 853 762 937 Retenkopff
783 852 820 915 de
836 851 993 938 Friburgo
1017 853 1049 915 in
1063 851 1199 939 Briegau
1217 861 1235 918 2
1255 855 1336 939 Aug.
1353 855 1400 918 nil
1422 855 1518 920 dedit.

319 965 369 1025 20.
396 959 557 1024 Johannes
579 958 716 1023 Sartona
740 958 777 1021 de
799 956 906 1020 Vrach
930 961 947 1020 3
973 955 1057 1042 Aug.
1084 957 1131 1020 nil
1155 958 1249 1022 dedit.
1594 957 1599 964 ’

319 1068 370 1128 21.
394 1062 529 1129 Jodoeus
553 1063 649 1128 Koler
672 1063 709 1126 de
732 1060 942 1126 Westerheim
966 1065 1004 1126 21
1029 1060 1113 1147 Aug.

320 1171 370 1230 22.
395 1166 511 1251 Caspar
534 1167 675 1232 Hdltzlin
700 1166 737 1230 de
760 1165 948 1250 Stutgardia
969 1166 1034 1230 ead.
1051 1160 1109 1230 ‘die
1132 1167 1177 1229 nil
1198 1167 1364 1233 dederunt.

321 1276 372 1337 23.
397 1271 551 1357 Georgius
575 1271 797 1336 Tischnracher
821 1271 858 1334 de
881 1269 1056 1356 Tuwingen
1082 1275 1122 1334 26
1146 1271 1230 1356 Aug.

322 1381 373 1440 24.
397 1376 514 1459 Caspar
536 1375 704 1460 Scriptoris
729 1375 766 1439 de
788 1373 977 1460 Grdniugen
1000 1374 1093 1438 exalt.
1120 1375 1220 1440 erucis
1243 1376 1290 1440 nil
1313 1377 1407 1442 dedit.

321 1487 371 1546 25.
396 1480 566 1545 Haiurieus
589 1478 726 1544 Sertoris
748 1479 787 1543 de
809 1479 996 1544 Constantia
1019 1479 1084 1543 ead.
1110 1479 1161 1544 die
1183 1481 1230 1545 nil
1253 1482 1347 1546 dedit.

320 1591 370 1649 26.
393 1584 532 1649 Mathias
556 1583 650 1649 Fabri
672 1583 710 1647 de
733 1582 886 1648 Stockaeh
910 1583 960 1647 die
983 1582 1154 1666 Lamperti.

321 1697 370 1756 27.
396 1690 557 1754 Conradus
580 1688 705 1752 Palmer
728 1689 764 1753 de
788 1686 883 1772 Wyla
906 1687 956 1751 die
979 1686 1110 1752 Mathei.

321 1800 371 1860 28.
398 1794 552 1880 Georgius
575 1793 760 1857 Windehter
783 1793 820 1856 de
842 1790 1018 1876 Sehiiugaw
1040 1791 1091 1856 die
1113 1791 1258 1859 Maurieii
1282 1794 1330 1860 nil
1352 1794 1446 1858 dedit.

322 1906 371 1965 29.
397 1899 569 1963 Hainrieus
591 1897 700 1962 Mener
723 1897 761 1961 de
784 1895 969 1982 Offemburg
992 1896 1059 1961 ead.
1082 1897 1142 1962 die.

322 2011 372 2070 30.
399 2004 535 2070 Jacobus
558 2002 776 2068 Summerhart
797 2002 836 2067 de
858 1999 943 2066 Calw
967 2005 1007 2064 24
1030 2000 1116 2086 Sept.

323 2115 373 2172 31.
399 2107 603 2173 Bernhardus
626 2106 767 2191 Keppler
783 2107 826 2171 de
849 2106 935 2170 Wila
957 2107 1092 2170 secunda
1114 2105 1182 2170 Oet.

322 2219 373 2276 32.
398 2211 534 2276 Michael
556 2210 718 2276 ltethaber
742 2211 779 2274 de
802 2209 978 2296 Tuwingen
1002 2213 1020 2272 3
1045 2209 1114 2274 Oet.

322 2321 373 2380 33.
397 2316 555 2380 Martinus
579 2315 760 2400 Burniuger
783 2315 821 2379 de
844 2314 999 2380 Obernow
1024 2314 1135 2380 4001.

322 2425 372 2485 34.
397 2419 558 2485 Johannes
583 2418 752 2483 Wernheri
776 2420 813 2483 de
835 2419 1006 2484 Sultzbaeh
1031 2423 1070 2484 12
1094 2418 1162 2484 Oet.
1189 2421 1235 2485 nil
1258 2420 1353 2484 dedit.

322 2530 372 2590 35.
397 2523 533 2588 Michael
557 2523 641 2588 Krus
664 2525 701 2589 de
723 2524 928 2611 Waiblingen
951 2526 1001 2590 die
1027 2531 1065 2590 12
1090 2525 1159 2592 Oet.

407 2680 601 2765 subsignata
630 2681 831 2763 reperiuntur
860 2683 990 2746 nomina
1021 2683 1258 2747 intitulatorum
1281 2683 1339 2746 sub
1363 2685 1522 2746 rectoratu

322 2786 430 2850 eximii
453 2785 514 2849 viri
536 2784 575 2848 D.
598 2784 771 2850 Murenam
799 2785 946 2851 Wrnunn
969 2787 1165 2852 decretorum
1189 2786 1324 2850 doctoris
1348 2810 1366 2850 a
1389 2787 1470 2851 festo
1487 2785 1520 2849 S.

321 2891 404 2956 Luce
426 2889 483 2954 Eu.
508 2913 535 2954 a.
562 2895 600 2954 91
626 2911 722 2972 usque
745 2891 784 2955 ad
808 2891 890 2956 Phil.
915 2897 947 2956 et
970 2891 1036 2957 Jae.
1062 2913 1089 2956 a.
1115 2895 1166 2955 92.

346 3053 372 3111 1.
396 3045 547 3111 Albertus
570 3046 688 3111 Weller
710 3048 747 3112 de
771 3047 939 3133 Reniugen
961 3049 1011 3113 die
1035 3053 1075 3112 22
1100 3048 1170 3113 Oct.

344 3157 372 3216 2.
397 3150 558 3216 Johannes
581 3151 712 3215 Benslin
735 3153 929 3236 appoteearii
951 3153 1001 3218 die
1025 3153 1160 3218 24001.

343 3259 371 3319 3.
396 3255 586 3320 Laurentius
608 3255 808 3342 Schietinger
830 3257 868 3322 de
890 3257 1072 3344 Metzingen
1095 3258 1345 3343 antepenultima
1367 3259 1436 3325 Oet.

344 3366 373 3423 4.
398 3360 568 3424 Heinrieus
585 3361 694 3445 Meyer
717 3361 754 3425 de
770 3361 922 3446 Marpaeh
946 3362 1064 3428 5N0u.
1103 3363 1160 3428 Nil
1182 3363 1269 3427 dedit
1290 3363 1367 3446 quia
1390 3383 1521 3447 pauper.

344 3470 372 3529 5.
396 3463 543 3529 Joaehim
567 3464 716 3530 Hummel
740 3467 777 3531 de
800 3466 957 3554 Friburgo
981 3469 1097 3532 artium
1121 3468 1204 3534 baec.
1228 3475 1247 3532 5
1272 3467 1354 3532 Nou.

348 3573 376 3632 6.
401 3567 564 3633 Johannes
587 3570 710 3656 Burger
733 3571 771 3637 de
793 3571 892 3637 Horw
917 3578 955 3637 15
980 3572 1062 3638 Nou.

345 3677 372 3736 7.
397 3672 559 3738 Johannes
582 3674 667 3739 Garb
692 3675 828 3760 (Garpp)
852 3676 890 3742 de
912 3676 1010 3742 Horw
1033 3677 1098 3742 ead.
1124 3677 1184 3742 die.

343 3784 372 3842 8.
397 3779 532 3863 Magnus
555 3778 823 3865 Selrellemberger
845 3781 883 3845 de
904 3779 1053 3867 Augusta
1075 3783 1141 3846 ead.
1165 3783 1224 3847 die.

343 3889 371 3946 9.
396 3884 512 3968 Caepar
536 3883 714 3950 Zimerman
738 3886 775 3949 de
797 3884 944 3970 Augusta
968 3891 1018 3950 22.
1043 3910 1163 3972 pauper
1187 3886 1232 3949 nil
1257 3885 1343 3950 dedit
1365 3885 1426 3949 nisi
1452 3889 1465 3947 l
1493 3905 1517 3948 e.

322 3992 370 4052 10.
395 3988 546 4053 Albertus
570 3993 607 4052 de
630 3987 796 4074 Rechberg
818 3991 1015 4075 antepenult.
1040 3990 1123 4056 Nou.

322 4161 528 4170 ———-——-

388 4250 430 4304 20.
449 4247 521 4303 Joh.
541 4247 668 4304 Vetter
689 4249 756 4304 Mla.
774 4281 808 4291 -
826 4249 867 4304 23.
894 4269 957 4306 vom
974 4249 1089 4306 Gericht
1113 4250 1143 4304 in
1162 4250 1192 4304 Τ.
1214 4252 1288 4305 1534.
1311 4281 1342 4290 -
1361 4250 1404 4302 31.
1426 4249 1461 4302 11.
1490 4249 1521 4300 Α.

322 4337 398 4390 1496.
418 4368 450 4377 -
470 4337 512 4391 33.
532 4335 737 4408 Bdringer.
758 4367 789 4376 -
812 4340 834 4393 1.
854 4338 890 4393 ld.
910 4338 941 4391 A.
963 4339 1040 4393 1495.
1061 4367 1093 4378 -
1113 4341 1137 4392 2.
1151 4337 1312 4406 Untervogt
1330 4336 1360 4390 in
1379 4335 1526 4404 Ti'rbingeu

323 4424 398 4477 1518.
419 4424 494 4479 1535.
517 4455 548 4464 -
568 4427 593 4478 5.
616 4425 653 4478 Μ.
674 4427 707 4480 A.
727 4426 803 4480 1193.
823 4456 855 4466 -
875 4429 900 4481 6.
919 4427 956 4481 M.
976 4427 1007 4480 (1.
1029 4427 1105 4482 1195.
