3504 5322
900 435 1000 490 Bursao.

846 663 901 728 De
922 663 1054 748 penis.

435 802 517 868 Item
540 803 704 884 uolumus,
736 807 820 890 quod
853 827 961 870 omnes
991 827 1070 888 pene
1099 827 1119 870 a
1144 807 1305 890 magistris
1329 812 1454 891 accepte
1478 829 1552 872 eon·

348 915 514 976 uertentur
536 911 766 977 inutilitatem
792 914 901 992 burse,
935 911 1024 976 nulla
1047 913 1085 976 de
1107 911 1171 975 illis
1194 915 1284 995 parte
1305 911 1552 976 conuentoribus

348 1015 486 1078 cedente.

782 1191 839 1255 De
861 1192 1123 1261 visitatione.

438 1330 582 1396 Preterea
604 1333 765 1409 volumuS,
800 1336 836 1396 ut
870 1335 1043 1396 conuentor
1071 1335 1128 1395 aut
1149 1331 1230 1396 alius
1253 1331 1467 1415 iuterrogatus
1491 1354 1552 1395 su-

350 1456 420 1520 per
442 1435 716 1501 observantia
732 1437 1020 1521 predictorum
1040 1436 1182 1504 omniurn
1199 1458 1270 1502 eum
1287 1438 1553 1513 concernentium,

350 1541 537 1623 respondeat
569 1542 628 1605 sub
658 1541 742 1607 bona
768 1542 828 1606 fide
851 1563 883 1606 se
910 1563 1048 1607 seruasse
1071 1541 1121 1606 vel
1143 1563 1207 1606 uon
1233 1563 1389 1620 seruasse,
1424 1541 1473 1605 vel
1497 1542 1554 1606 tali

353 1645 445 1710 modo
467 1646 610 1724 seruaui,
642 1647 847 1731 exprimendo
870 1647 997 1712 modum
1022 1652 1054 1712 et
1077 1647 1273 1723 declarando,
1301 1667 1395 1729 quem
1418 1645 1554 1710 visitan-

350 1754 398 1812 tes
427 1749 521 1814 ceteri
552 1754 687 1834 possunt
720 1752 895 1836 approbare
924 1753 974 1816 vcl
1004 1751 1180 1837 reprobare.
1228 1750 1317 1826 Quod
1347 1751 1374 1815 si
1406 1752 1476 1834 quis
1504 1772 1554 1814 rc·

339 1855 528 1939 sponderit,
551 1878 585 1920 se
607 1878 749 1922 seruasse
772 1857 853 1922 sicut
869 1857 1020 1922 hactenus
1043 1858 1091 1922 vel
1115 1858 1197 1922 sicut
1218 1854 1316 1918 moris
1342 1860 1390 1920 est
1412 1860 1445 1918 et
1467 1856 1554 1920 simi·

351 1958 433 2034 liter,
451 1959 505 2023 ille
520 1960 611 2024 debet
628 1962 756 2044 perinde
772 1984 886 2048 penam
902 1963 1034 2040 soluere,
1051 1984 1086 2027 ac
1102 1963 1127 2026 si
1144 1983 1177 2026 se
1192 1982 1257 2024 non
1273 1981 1412 2024 seruasse
1427 1960 1552 2023 diceret.

438 2061 520 2127 Item
544 2065 721 2142 statuimus,
747 2066 830 2150 quod
853 2067 1019 2130 visitantes
1042 2066 1122 2130 nulli
1147 2065 1252 2149 penali
1283 2069 1408 2148 reperto
1441 2087 1554 2148 penam

352 2169 514 2233 remittere
536 2168 676 2234 habeant
698 2176 754 2235 aut
778 2171 840 2255 ipsi
863 2170 900 2236 de
923 2193 978 2235 suo
1001 2171 1137 2235 soluant.

595 2341 652 2408 De
676 2344 963 2410 conflictibus
991 2345 1312 2410 denunciandis.

440 2480 522 2548 Item
552 2483 688 2566 quilibet
722 2488 895 2549 conuentor
927 2489 983 2548 aut
1015 2486 1169 2570 magister
1199 2486 1307 2550 videns
1330 2485 1497 2550 scolarium
1521 2485 1553 2549 in

352 2587 482 2652 lectorio
516 2587 565 2650 vel
597 2586 630 2650 in
664 2587 750 2651 curia
778 2588 963 2652 artistarum
986 2587 1237 2653 conflictum
1263 2591 1394 2654 rixam
1419 2595 1474 2654 aut
1496 2613 1552 2654 se·

353 2692 558 2756 ditionem
594 2691 723 2756 Rectori
756 2692 972 2758 uniuersitatis
1006 2693 1129 2758 eosdem
1163 2717 1220 2779 per
1253 2697 1464 2762 iuramentum
1500 2697 1553 2759 de-

352 2797 519 2860 nunctiare
542 2796 635 2861 debet
658 2797 854 2881 quantocius.
901 2799 934 2864 Si
957 2819 1030 2863 vero
1054 2821 1116 2864 uon
1141 2800 1264 2878 viderit,
1288 2803 1325 2866 de
1352 2806 1422 2886 post
1446 2805 1551 2864 tamen

357 2902 494 2967 veridica
518 2902 672 2967 relatione
696 2902 848 2980 didicerit,
872 2903 911 2968 ad
933 2904 1015 2968 idem
1039 2905 1082 2968 sit
1107 2905 1265 2970 astrictus

688 3076 741 3142 De
764 3077 1053 3142 familiaribus
1076 3079 1207 3143 burse.

423 3213 490 3269 Hier
507 3214 582 3284 folgt
600 3215 752 3270 Absohnitt
770 3217 804 3270 98
823 3216 873 3270 der
891 3216 1007 3270 Statuta
1026 3217 1078 3270 fac.
1097 3216 1211 3281 artium,
1230 3217 1301 3272 obcn
1320 3217 1345 3270 S.
1364 3219 1423 3272 acl.

440 3321 521 3386 Item
551 3323 589 3386 de
619 3327 720 3389 cetero
750 3325 965 3408 prepositi
995 3325 1243 3388 bursarum¹
1281 3348 1349 3389 cum
1382 3326 1555 3410 pistoribus

354 3432 385 3492 et
413 3427 614 3492 carnificibus
647 3433 774 3514 pactum
809 3429 911 3494 facere
940 3429 1117 3509 debebunt,
1153 3435 1186 3494 vt
1216 3431 1260 3493 eis
1283 3453 1340 3515 pro
1364 3431 1477 3494 debitis
1501 3453 1554 3494 cx-

354 3537 481 3616 pccteut
503 3533 542 3597 ad
565 3534 737 3597 terminum
763 3536 992 3617 competentem
1003 3531 1025 3597 ².

425 3707 439 3759 l
459 3703 504 3758 die
521 3703 738 3774 Speisemeister.

423 3792 439 3842 ‘l
460 3789 522 3845 Van
540 3792 666 3859 sptitsrer
678 3789 762 3844 Hand
782 3791 833 3846 auf
848 3792 929 3846 einen
942 3793 1177 3862 freigeblicbenen
1189 3795 1280 3850 Raum
1294 3795 1453 3865 eingefiigt:
1474 3795 1555 3852 Con-

354 3879 543 3934 ventorcs
562 3877 697 3932 habentes
717 3897 807 3934 secum
825 3880 951 3944 scolares,
971 3881 1072 3950 quibus
1091 3882 1326 3952 specialiter
1344 3887 1554 3947 resumant,

353 3965 455 4019 debent
473 3981 535 4018 cum
563 3965 706 4034 magistris
731 3984 786 4023 non
811 3967 976 4022 officialibus
1005 3968 1119 4022 bursam
1144 3969 1370 4024 inhabitantibus
1389 3974 1418 4023 et
1436 3971 1554 4024 scolares

353 4051 453 4120 quibus
472 4055 617 4106 resumant
635 4049 860 4109 desiderantibus
874 4053 997 4109 diuidere
1011 4055 1171 4120 mercedem,
1190 4056 1340 4113 dummodo
1352 4057 1401 4111 ille
1420 4057 1556 4127 nmgister

353 4142 382 4193 et
399 4138 444 4192 illi
461 4139 593 4208 magistri
611 4139 651 4194 sio
669 4141 781 4195 bursam
800 4141 995 4197 inhabitantes
1021 4146 1050 4196 ot
1067 4143 1186 4198 scolares
1205 4143 1396 4200 desiderantes
1414 4145 1519 4199 fuerint
1538 4163 1555 4199 a

353 4225 647 4294 superintendentibus
666 4228 742 4282 illius
762 4229 821 4292 rie,
843 4230 921 4298 cujus
938 4229 1074 4299 magister
1093 4234 1135 4286 est
1155 4233 1198 4286 rel
1217 4233 1355 4301 magistri,
1371 4235 1438 4286 sunt
1456 4249 1556 4300 appro-

353 4313 414 4366 bati
433 4316 462 4367 et
480 4313 611 4379 admissi,
635 4315 678 4371 ita
702 4317 774 4385 quod
800 4319 891 4372 totum
915 4317 1033 4373 arbitrio
1057 4337 1142 4388 supe
1153 4318 1459 4374 rintendcntinm
1483 4336 1556 4374 corn·

353 4399 493 4454 mittatur.
535 4401 704 4463 Secundo,
732 4404 805 4474 quod
834 4404 963 4475 magistri
988 4424 1043 4462 non
1066 4408 1358 4464 uxorati‘inritentur
1385 4408 1420 4463 ad
1442 4408 1555 4462 bursam

353 4487 407 4542 tali
425 4506 480 4558 spe,
500 4491 573 4559 quod
592 4509 642 4562 pre
660 4493 759 4548 ceteris
771 4493 940 4548 uniuersitas
954 4494 1023 4548 velit
1035 4513 1080 4551 eos
1099 4496 1203 4552 habere
1221 4496 1427 4551 cornnrendatos
1446 4499 1474 4550 at
1492 4515 1556 4566 pro-
