3462 5314
743 488 830 547 1490.

188 647 239 708 44.
264 643 425 712 Johannes
450 647 528 712 Mak
548 649 586 713 16
609 647 806 714 Hohenstatt
829 649 896 714 ead.
920 650 980 716 116.

188 751 239 812 45.
264 748 427 817 Johnnnes
450 751 558 818 Belser
583 753 620 817 16
643 739 784 838 (ltingen
807 754 856 818 die
879 777 1013 824 annunc.
1039 757 1204 822 dominice.

187 855 239 914 46.
264 851 374 921 Gallus
396 856 554 922 Latrifieis
577 859 615 922 de
638 857 812 943 Leomberg
836 864 875 923 27
899 858 1019 943 Maroij.

188 961 239 1020 47.
263 957 426 1026 Johannes
450 962 488 1027 de
510 961 668 1028 Murstain
692 967 730 1026 21
756 963 887 1048 Aprilis.

188 1065 239 1126 48.
264 1061 400 1130 Jaeobus
424 1065 533 1130 Prlilin
558 1067 596 1132 de
619 1067 892 1132 Vnderdiirnelren
917 1073 957 1132 22
981 1070 1058 1154 Apr.

188 1169 239 1228 49.
264 1165 453 1236 Oristoferns
478 1171 516 1236 de
539 1171 670 1237 Stadion
695 1175 735 1235 22
758 1172 837 1256 Apr.

189 1274 240 1336 50.
262 1271 375 1339 Petrus
398 1275 674 1341 Btioheenmaister
698 1278 736 1341 de
757 1277 969 1344 Wissenstaiu
993 1283 1034 1343 24
1056 1279 1135 1364 Apr.

190 1375 241 1438 51.
264 1376 455 1446 Laurentius
477 1379 611 1446 Pistoris
635 1381 673 1446 16
697 1381 916 1467 Mercklingen
940 1383 1005 1448 ead.
1032 1385 1092 1449 die.

190 1483 240 1544 52.
266 1480 426 1548 Conredus
450 1484 545 1553 Ldser
568 1485 689 1571 (Laser,
714 1485 840 1572 Loseer)
864 1489 902 1552 16
924 1487 1153 1575 Gamertingen
1176 1491 1242 1556 ead.
1268 1492 1326 1556 die.

287 1639 534 1708 Subscribuntur
565 1644 693 1728 insuper
725 1645 855 1709 nomina
886 1645 1124 1711 intitulatorum
1160 1647 1194 1712 iu
1229 1653 1388 1713 rectoratu

122 1757 129 1770 ·
190 1741 297 1807 eximii
327 1746 387 1810 viri
411 1748 531 1812 domini
555 1747 751 1813 Wnuonnnu
778 1749 959 1814 Suursnaon
990 1773 1014 1813 s.
1039 1751 1134 1816 theol.
1159 1753 1386 1837 professorise

190 1847 271 1912 festo
292 1849 375 1914 Phil.
400 1857 431 1916 et
454 1850 519 1917 Jae.
544 1875 642 1938 vsque
664 1855 703 1918 ad
725 1853 843 1917 festum
865 1852 896 1919 8.
921 1852 1004 1918 Luae
1028 1877 1073 1920 ev.
1098 1879 1125 1920 a.
1153 1861 1246 1921 1490.

216 2014 242 2071 1.
266 2007 420 2095 Georgius
444 2011 605 2078 Institoris
628 2013 665 2078 de
687 2011 870 2097 Slutgardia
892 2017 913 2077 4
935 2012 1021 2097 Maij.

214 2116 243 2175 2.
267 2113 380 2179 Petrus
402 2113 559 2200 Knepfler
581 2117 618 2182 de
641 2117 860 2201 Merelrlingeu
882 2123 901 2182 5
926 2116 1003 2200 Maij
1026 2141 1156 2203 pauper.

212 2219 241 2278 3.
266 2216 423 2284 itudolfus
446 2218 672 2285 Disehmaoher
695 2221 732 2285 de
754 2219 929 2304 Raperswil
952 2226 971 2286 8
994 2221 1071 2305 Maij
1095 2239 1223 2307 pauper.

212 2325 241 2383 4.
265 2321 428 2388 Johannes
451 2323 569 2389 Stiolrel
592 2326 629 2389 de
653 2325 838 2410 Stutgardia
862 2326 927 2390 ead.
953 2327 1011 2391 die.

212 2430 240 2487 5.
264 2425 466 2494 Leonhardus
489 2429 733 2495 Nunenmaeher
756 2430 793 2494 de
816 2430 1009 2517 Mdohingeu
1033 2431 1098 2496 ead.
1123 2432 1183 2495 die.

214 2534 244 2594 9.
267 2529 430 2597 lohannes
453 2533 565 2598 Hlittel
588 2537 625 2599 de
647 2533 758 2598 Weset
779 2534 863 2599 bace.
888 2534 1015 2620 ingelst.
1044 2540 1079 2598 ll
1105 2534 1193 2618 Maij.

214 2639 241 2698 7.
267 2635 428 2702 Johannos
452 2638 566 2723 Hagen
589 2639 626 2703 de
650 2638 804 2724 Owingen
829 2643 869 2704 26
894 2640 981 2723 Maij.

216 2743 244 2804 8.
269 2741 472 2807 Sebastianus
496 2743 628 2808 Hofsess
651 2744 688 2830 de
710 2743 851 2808 Durlaoh
874 2743 956 2809 baec.
981 2744 1116 2810 haidelb.
1142 2749 1182 2809 29
1206 2745 1293 2829 Maij.

213 2849 242 2910 9.
266 2845 427 2913 lohannes
450 2848 569 2914 Hamer
589 2849 626 2912 16
649 2847 755 2913 Vraoh
777 2849 862 2914 bauo.
886 2848 958 2913 frib.
985 2856 1002 2914 3
1027 2848 1125 2934 Junij.

194 2954 241 3014 10.
265 2950 380 3016 Daniel
403 2953 530 3017 Bomler
553 2953 592 3017 de
614 2952 718 3018 Hallis
742 2955 808 3018 end.
832 2955 891 3032 die,
917 2954 1002 3019 dedit
1028 2962 1041 3019 l
1069 2978 1092 3020 s.
1118 2956 1193 3039 quia
1214 2977 1343 3040 pauper.

72 3097 79 3106 -
194 3060 243 3118 ll.
267 3055 433 3120 Vdahicus
455 3056 526 3121 Iron
551 3057 588 3120 de
611 3057 706 3122 Vlma
730 3063 766 3120 ll
793 3056 882 3141 Junij
906 3058 992 3123 dedit
1018 3065 1028 3121 l
1058 3082 1081 3123 s.
1107 3060 1183 3144 quia
1203 3081 1332 3143 pauper.

192 3163 240 3223 12.
265 3159 411 3225 Matheus
433 3160 602 3248 Nallinger
627 3162 664 3225 de
686 3162 847 3247 Adelberg
876 3168 913 3226 14
935 3162 1023 3246 Junij
1048 3187 1177 3248 pauper.

194 3269 242 3328 13.
267 3265 439 3351 Gregorius
462 3267 552 3332 Beltz
576 3270 613 3331 (16
636 3266 818 3352 Nl'utingen
841 3254 907 3331 ead.
933 3268 982 3331 die
1006 3291 1134 3353 pauper.

196 3376 244 3435 14.
269 3371 433 3437 Johannes
455 3371 610 3436 Albrecht
632 3373 669 3436 16
692 3370 840 3436 Mosbaeh
870 3377 906 3434 17
931 3370 1030 3455 Junij.

195 3478 242 3540 15.
267 3475 428 3541 Johanues
451 3476 540 3541 Wild
563 3479 600 3541 de
623 3477 807 3562 Offemburg
833 3480 874 3539 20
897 3475 985 3560 Junij
1008 3499 1137 3562 pauper.

195 3587 245 3645 16.
268 3580 471 3647 Sebastianus
493 3581 603 3666 Alwig
625 3583 662 3646 de
685 3565 882 3668 llberlingen
906 3586 946 3646 25
972 3581 1071 3665 Junij.

193 3691 242 3750 17.
268 3687 318 3751 nr.
343 3685 505 3751 Johannes
529 3685 651 3772 Ziegler
675 3689 713 3751 de
735 3687 871 3772 Mengen
895 3688 961 3752 ord.
987 3709 1084 3772 prem.
1110 3691 1149 3750 27
1174 3685 1273 3769 Junij.

194 3797 242 3856 18.
267 3792 470 3858 Bernhardus
494 3790 580 3856 Bach
605 3792 655 3855 die
677 3793 773 3856 tertia
795 3791 884 3876 Julij.

195 3904 243 3962 19.
268 3897 435 3963 Balthasar
458 3897 535 3984 Mag
557 3897 595 3960 16
620 3895 736 3961 ltotwil
760 3901 801 3960 26
825 3896 902 3980 Julij
927 3897 974 3960 nil
996 3897 1083 3962 dedit
1106 3917 1233 3982 pauper.
1351 3915 1368 3937 ‘=

193 4009 243 4070 20.
267 4002 428 4068 lohannes
451 4002 534 4066 Rain
559 4002 597 4066 de
619 4002 809 4086 G'dppingen
833 4008 874 4066 28
897 4000 984 4085 Julij.

192 4117 244 4177 21.
268 4109 440 4176 Heinrious
463 4108 622 4196 Tiootoris
646 4108 684 4172 de
707 4107 776 4171 Wil
798 4106 864 4170 ead.
889 4107 947 4171 die.

260 4282 469 4351 ¹18.Preylin
487 4281 524 4334 M.
544 4281 576 4334 A.
598 4281 673 4336 1494.
695 4311 724 4318 -
746 4283 788 4334 49.
808 4279 842 4334 16
861 4279 1059 4349 Schellrliugen
1076 4278 1185 4334 Nobilis
1203 4279 1241 4333 M.
1261 4280 1297 4332 A.
1316 4279 1389 4343 1494,

191 4371 279 4441 Epioe
299 4368 558 4440 AugustensieDBi.
572 4386 593 4422 s.
607 4387 631 4422 v.
656 4399 688 4409 —
707 4370 731 4422 4.
751 4367 971 4438 Bllrgermeister
989 4368 1018 4421 iu
1029 4366 1184 4436 Stuttgart.
1204 4396 1230 4408 -
1256 4370 1281 4420 5.
1300 4366 1330 4419 in
1343 4367 1391 4420 161

191 4455 645 4512 Mfa.heiseterBernhardN.
659 4457 725 4511 -6.
739 4455 1101 4511 HettelexWisethM.A
1121 4454 1391 4510 luen-anoch-

191 4550 274 4602 1166,
288 4545 324 4598 Μ.
337 4541 700 4598 Α.1490.-10.Β111111.
715 4573 746 4581 —
763 4543 803 4596 14.
822 4542 1059 4599 Judlbrecht
1079 4542 1123 4596 vel
1143 4542 1304 4597 Alberti
1324 4543 1392 4598 Mla.

245 4650 374 4692 Urkunden
390 4651 431 4688 der
446 4649 473 4690 U.
487 4649 618 4702 Tublngen.
1149 4629 1183 4685 33
