3442 5314
439 449 465 504 4.
491 447 651 519 Pspstliche
670 447 751 502 Bulle
770 464 835 503 vom
855 447 895 503 13.
913 443 984 503 Nor.
1007 447 1082 503 14⁷6.
1325 447 1365 512 19

161 625 286 690 quoqne
307 612 340 672 et
363 609 522 674 medicina
543 629 616 674 cum
637 607 732 672 solita
753 605 967 692 insigniorum
989 605 1203 681 exhibicione,
1242 606 1368 668 seruata

161 715 268 776 tamen
292 713 531 780 Constitucione
541 713 731 778 Viennensis
746 711 880 776 Concilii
896 731 991 796 super
1011 710 1071 774 hoc
1094 709 1177 774 edite
1194 707 1214 787 ¹,
1238 709 1272 772 iu
1295 707 1366 773 vni-

148 818 313 882 'uersiiate
344 820 484 903 predicta
513 819 668 886 duntaxat
704 817 929 903 promouendi,
960 820 994 880 et
1015 815 1059 881 eis
1088 815 1132 879 sic
1154 813 1308 898 promotis
1331 816 1369 876 ut

162 921 332 988 kathedrae
354 945 462 1010 regare
485 925 590 1010 legere
612 924 722 990 docere
744 928 778 988 et
798 923 878 987 alios
900 927 988 987 actus
1010 919 1204 1005 pertinentes
1233 917 1273 982 ad
1294 937 1368 1001 gra-

164 1025 232 1106 dus,
256 1028 294 1092 ad
318 1049 397 1111 quos
417 1029 558 1114 promoti
573 1028 703 1106 fuerint,
726 1025 829 1092 lacere
844 1027 968 1111 possint
982 1029 1015 1090 et
1028 1024 1156 1088 valeant
1169 1021 1367 1099 concedendi,

167 1135 200 1195 et
222 1134 414 1216 generaliter
437 1135 543 1198 omnia
574 1134 638 1198 alia
659 1137 692 1198 et
714 1133 851 1218 singula,
884 1153 944 1216 que
965 1128 1222 1214 Archidyaeonus
1244 1127 1370 1192 ecclesie

164 1233 403 1302 Bononiensis²
434 1239 467 1302 in
499 1236 706 1303 uniuersitate
728 1235 832 1301 Stadii
855 1234 1064 1300 Bononiensis
1093 1233 1196 1298 lacere
1225 1236 1257 1296 et
1280 1251 1368 1298 erer-

165 1365 234 1407 cere
266 1343 504 1426 quomodolibet
536 1345 642 1427 potest
673 1363 711 1406 ex
743 1339 915 1426 apostolica
944 1338 1141 1404 concessione
1169 1341 1289 1402 statuto
1319 1335 1370 1400 uel

167 1447 395 1512 consuetudine
430 1448 567 1513 faciendi
602 1447 765 1512 exercendi
806 1445 1003 1530 presencium
1039 1447 1148 1509 tenore
1184 1441 1372 1508 auctoritate

167 1551 343 1636 apostolica
376 1553 576 1618 concedimus
609 1552 813 1630 facultatem,
854 1549 904 1614 Ac
932 1551 1076 1616 uolumus
1109 1552 1141 1613 et
1174 1546 1370 1613 uniuersitali

168 1657 304 1722 eiusdem
328 1659 374 1722 sic
395 1658 535 1742 erigendi
559 1657 681 1736 Sturii,
711 1679 771 1722 nec
803 1677 869 1722 non
892 1656 978 1721 illius
1000 1677 1057 1740 pro
1079 1658 1221 1740 tempore
1243 1651 1372 1718 Rectori

167 1783 204 1828 ac
226 1762 404 1828 doctoribus
426 1762 605 1828 Soolaribus
627 1762 843 1847 elpenoris,
875 1763 929 1847 qui
959 1783 1017 1847 pro
1039 1765 1180 1846 tempore
1203 1761 1312 1837 erunt,
1336 1777 1372 1822 ac

170 1866 236 1931 illis
268 1889 346 1952 quos
379 1868 418 1932 ad
441 1869 558 1954 gradus
581 1887 792 1952 quoscumque
816 1865 896 1930 inibi
918 1866 1096 1949 promoueri
1112 1864 1306 1950 contigerit,
1336 1865 1373 1926 ui

171 1971 318 2036 omnibus
348 1978 380 2037 et
412 1971 549 2058 singulis
580 1971 757 2058 priuilegiis
789 1971 1053 2036 immunitatibus·
1073 1971 1189 2057 graciis
1210 1969 1373 2034 fauoribus

171 2076 427 2162 exempcionibus
458 2077 711 2142 concessionibus
741 2080 774 2142 et
805 2076 937 2141 indultis
966 2079 1033 2140 tam
1065 2077 1103 2140 de
1125 2076 1193 2142 iure
1214 2071 1373 2141 communi

172 2203 268 2265 quam
291 2204 329 2246 ex
344 2182 597 2247 concessionibus
618 2181 798 2266 apostolicis
821 2185 854 2246 ct
874 2181 1091 2267 imperialibus
1115 2186 1170 2246 aut
1195 2180 1273 2246 alias
1295 2201 1373 2263 quo·

173 2287 348 2351 modolibet
369 2287 402 2351 in
427 2309 541 2374 genere
563 2288 612 2352 uel
630 2288 665 2351 in
687 2288 788 2372 specie
804 2287 1052 2371 quibuscumque
1067 2287 1202 2352 aliorum
1223 2307 1374 2371 quorum-

175 2413 299 2476 eunque
321 2391 495 2457 studiorum
520 2392 717 2478 generalium
738 2389 1010 2456 Vniuersitatibus
1034 2395 1067 2456 et
1088 2391 1215 2456 illarum
1230 2389 1373 2456 Rectori·

175 2496 235 2560 bus
266 2497 446 2562 doctoribus
468 2497 645 2564 Scolaribus
675 2505 708 2562 eb
728 2497 888 2581 personis,
922 2519 958 2562 ac
980 2499 1133 2581 promotis
1154 2517 1212 2583 pro
1234 2502 1375 2580 tempore

175 2603 209 2664 in
240 2601 356 2666 eisdem
387 2603 539 2668 concessis
569 2608 603 2668 et
632 2601 836 2668 concedendis
864 2607 897 2666 et
929 2603 1043 2686 quibus
1073 2603 1122 2668 illi
1150 2601 1321 2688 pociuntur
1342 2601 1375 2662 et

175 2704 314 2790 gaudent
336 2728 372 2771 ac
394 2707 442 2770 uti
464 2711 497 2772 et
519 2709 655 2794 gaudere
677 2712 827 2792 poterunt
850 2707 1087 2791 quomodolibet
1101 2710 1135 2772 in
1159 2708 1303 2772 futurum
1324 2703 1374 2769 uti

246 2863 258 2914 1
279 2859 364 2916 (llam.
383 2863 400 2916 2
418 2861 452 2918 de
470 2861 613 2933 magistris
631 2861 663 2928 V,
685 2865 708 2918 1.

244 2949 261 3003 2
279 2949 419 3005 Honorius
428 2950 529 3005 Seruus
547 2969 690 3007 seruorum
709 2951 767 3016 Dei,
787 2951 889 3008 dilecto
907 2953 964 3008 filio
982 2953 1187 3006 Aucurnrrcono
1210 2951 1374 3005 Bononiensi

177 3038 344 3092 salutemet
362 3041 452 3108 apost.
470 3038 699 3094 benedictionem.
736 3037 804 3092 Cum
823 3055 895 3108 saepe
913 3038 1068 3108 contingat,
1087 3041 1119 3093 ut
1136 3039 1167 3093 in
1185 3037 1309 3092 Ciuitate
1326 3035 1378 3090 Bo-

176 3123 303 3178 noniensi
319 3123 411 3180 minus
428 3125 502 3181 docti
514 3125 551 3181 ad
563 3125 679 3182 docendi
695 3125 822 3196 regimen
836 3130 1024 3190 assumantur,
1044 3127 1247 3198 propterquod
1265 3127 1294 3180 ot
1312 3123 1374 3178 doc·

174 3213 268 3266 torum
285 3211 371 3268 honos
389 3212 535 3268 minuatur
552 3215 581 3268 et
599 3213 739 3282 profectus
763 3212 935 3283 impediatur
954 3213 1124 3270 scholarium
1141 3212 1297 3270 volentium
1316 3228 1378 3266 eru·

176 3295 237 3360 diri,
256 3315 305 3352 nos
322 3298 474 3354 corumdem
491 3299 614 3354 utilitati
632 3303 660 3354 et
679 3299 777 3357 honori
795 3300 905 3355 utiliter
922 3300 1078 3372 prospicere
1096 3302 1238 3372 cupientes
1256 3297 1377 3354 auctori·

176 3385 238 3437 tabe
254 3383 432 3452 praesentium
452 3385 581 3440 duximus
598 3388 797 3452 statuendum,
822 3392 855 3442 vt
872 3388 966 3442 nullus
986 3389 1102 3443 ulterius
1119 3389 1150 3443 in
1168 3387 1291 3442 Ciuitate
1308 3402 1379 3456 prse-

177 3469 253 3524 dicta
271 3471 307 3524 ad
326 3471 442 3527 docendi
460 3471 587 3545 regimen
604 3480 778 3540 assumetur,
798 3475 853 3530 nisi
876 3493 893 3531 a
912 3479 941 3531 te
959 3477 1076 3532 obtenta
1093 3475 1216 3539 licentia,
1234 3474 1378 3530 examina-

178 3557 254 3613 tione
270 3559 429 3628 prehabito
451 3561 591 3630 diligenti.
627 3562 669 3616 'Pu
693 3562 813 3632 denique
830 3563 1065 3628 contradictores,
1093 3561 1117 3616 si
1134 3563 1183 3632 qui
1200 3561 1313 3626 fuerint,
1332 3559 1378 3614 vel

178 3645 294 3702 rebelles
312 3665 361 3717 per
379 3666 525 3704 censuram
541 3650 760 3706 eeclesiasticam
780 3651 972 3722 appellatione
988 3654 1097 3708 remota
1122 3665 1286 3720 compescas.
1322 3647 1378 3701 Da·

178 3737 239 3788 tum
264 3734 362 3790 Reatae
380 3735 419 3791 lV
438 3735 500 3792 Kal.
525 3737 601 3804 Jnlii,
628 3738 811 3794 Pontificatus
838 3741 927 3796 nostri
956 3757 1030 3796 anno
1055 3739 1141 3795 tertio
1164 3737 1264 3809 [laist
1300 3735 1380 3790 Cher.

179 3821 360 3877 Ghirardacci
378 3824 450 3878 Hist.
470 3826 499 3878 di
517 3826 660 3896 Bologna,
688 3829 790 3896 1,128.
827 3827 855 3881 Ο.
875 3827 1092 3898 Sigonius'Opp.
1112 3830 1135 3892 3,
1155 3827 1214 3880 214.
1251 3822 1326 3878 Serti
1338 3822 1379 3876 De

180 3909 290 3978 Archig.
316 3909 383 3966 Bon.
412 3913 495 3969 Proff.
515 3915 550 3983 2,
572 3917 615 3969 25.
663 3913 742 3968 Diese
766 3913 934 3986 Verftigung
957 3915 996 3970 ist
1019 3933 1057 3970 au
1075 3915 1176 3969 Gratia
1199 3930 1249 3968 aus
1268 3911 1378 3972 brenno,

179 3995 258 4052 einen
276 3997 443 4055 berfihmten
454 4001 648 4057 Rechtslehrer
659 4001 818 4072 perednlich
835 4003 982 4072 gerichtet,
1003 4001 1059 4058 und
1073 4003 1197 4073 Savigny
1211 3999 1242 4055 G.
1261 4000 1288 4053 d.
1302 3997 1334 4052 R.
1345 3997 1379 4051 R.

180 4085 205 4148 8,
223 4087 275 4142 225
292 4087 453 4158 behaupbet,
473 4090 538 4144 dass
557 4090 635 4146 nicht
653 4091 699 4147 die
718 4091 853 4162 Meinung
870 4109 903 4145 zu
923 4092 1020 4146 Grund
1038 4092 1118 4163 lisga,
1137 4091 1181 4146 als
1199 4089 1236 4145 ob
1252 4088 1297 4142 die
1314 4085 1381 4142 Pro·

182 4172 322 4228 motioneu
340 4193 375 4228 ru
394 4175 448 4232 den
459 4178 636 4247 ptpstlichsn
647 4177 819 4234 Vorrechten
832 4180 974 4250 gemnae.
1011 4177 1183 4234 Gleichwohl
1195 4176 1291 4231 wrrrde
1307 4174 1383 4230 disse

182 4257 315 4334 Meinung
332 4279 388 4318 von
406 4263 477 4319 Rom
495 4283 546 4320 aus
564 4265 728 4322 allmi'ahlich
746 4284 949 4336 grossgezogeu
967 4267 1023 4322 und
1035 4267 1167 4335 anjeneu
1178 4264 1299 4320 alcman
1312 4261 1382 4316 Vor-

182 4362 257 4416 gang
274 4349 464 4421 angelrndpft,
492 4352 543 4407 wic
562 4353 668 4408 Stellen
687 4354 778 4424 gleich
798 4354 846 4410 der
871 4355 973 4424 obigen
992 4339 1096 4423 reigen.
1132 4353 1281 4421 Tubingen
1298 4350 1381 4404 hatte

182 4431 211 4485 in
227 4431 276 4487 der
294 4433 379 4505 Folge
404 4441 486 4493 unter
503 4439 593 4494 dieser
611 4439 727 4495 Theonis
754 4440 841 4510 lange
864 4459 898 4494 au
916 4439 1008 4496 leiden
1026 4439 1084 4494 und
1102 4439 1140 4493 ist
1158 4438 1253 4493 seinen
1269 4440 1381 4510 aposto·

182 4517 285 4575 lischen
302 4522 422 4579 Kaualer
441 4528 498 4579 erst
516 4527 556 4580 im
574 4525 599 4581 J.
620 4528 687 4582 1556
706 4525 881 4597 vollstaudig
898 4527 1098 4597 losgeworden.
1131 4599 1170 4652 2*
