3460 5314
693 389 809 450 sutura
830 393 905 448 1539.
1332 396 1394 461 295

203 551 357 635 specimen
381 551 500 638 ingenij
524 553 573 616 sui
595 554 629 617 in
645 554 789 618 examine
804 553 931 637 publico
946 551 1089 638 praebet,
1113 554 1140 618 is
1158 552 1290 640 pecunia
1310 554 1395 620 inter

202 655 352 741 singulos,
376 657 430 742 qui
453 656 486 722 in
511 658 580 744 ipso
601 659 744 724 momine
767 659 937 736 adfuerint,
960 657 1180 723 distribuenda
1201 662 1315 723 careto.

469 832 525 900 De
546 833 754 920 Impensis
776 833 1112 901 candidatorum.

874 973 1004 1040 Rectori
1026 971 1165 1056 quinque
1186 969 1310 1034 solidos.

873 1077 963 1143 Fisco
986 1076 1081 1160 studij
1105 1075 1192 1140 Juris
1216 1096 1315 1138 unum
1338 1075 1368 1139 Η.

873 1183 961 1250 Fisco
986 1181 1158 1248 Vniuersit.
1176 1179 1342 1244 dimidium
1359 1180 1390 1243 Η.

197 1317 390 1388 Candidatus
413 1321 512 1388 ΠΜ
872 1288 934 1352 Pro
958 1285 1196 1351 Osthedralibus
1218 1287 1283 1347 tres
1305 1283 1336 1347 Η.

240 1371 464 1492 Bmlau'reus
576 1362 616 1428 In
637 1365 736 1430 altem
759 1363 836 1429 ‘lure
871 1392 934 1457 Pro
952 1390 1105 1456 Examina
1128 1409 1180 1452 sex
1202 1387 1233 1451 Η.

294 1529 409 1596 solum)
467 1478 474 1507 ’
870 1495 1026 1561 Ministris
1036 1495 1086 1560 uel
1099 1491 1228 1578 pedellis
1240 1495 1319 1577 sept.
1332 1493 1388 1558 sol.

868 1599 1040 1666 Prandium
1061 1619 1119 1683 pro
1141 1596 1306 1676 omnibus,
1335 1598 1390 1684 qui

888 1706 1005 1770 suntin
1018 1703 1156 1769 Consilio
1165 1701 1390 1768 Vniuersitatis

891 1810 984 1875 huius
1006 1807 1145 1875 Scholae.

869 1913 1006 1980 Tenetur
1035 1914 1154 1978 soluere
1181 1912 1287 1977 eadem
1310 1933 1389 1996 quac

888 2042 993 2105 supra,
1016 2019 1081 2084 nisi
1096 2019 1179 2105 quod
1194 2017 1309 2103 pendet
1331 2039 1388 2102 pro

887 2125 1029 2190 examine
1051 2121 1117 2190 XII
1137 2124 1168 2188 Η.
1193 2127 1225 2188 et
1247 2146 1304 2210 pro
1328 2120 1387 2188 Oe-

885 2227 1177 2295 thedralibusIVfl.

862 2332 989 2398 Rectcri
1012 2333 1178 2397 dimidium
1199 2333 1231 2397 Η.

861 2437 1055 2502 Cancellario
1077 2459 1176 2502 unum
1197 2437 1228 2501 Η.

860 2541 950 2607 Fisco
971 2540 1197 2606 Vniuersitatis
1229 2564 1326 2606 unum
1347 2542 1378 2606 Η.

861 2646 951 2712 Fisco
973 2645 1075 2730 Studij
1099 2645 1185 2711 Juris
1201 2648 1284 2733 ⁴duos
1305 2646 1336 2712 Η.

859 2751 922 2816 Pro
960 2751 1120 2816 laboribus
1158 2750 1310 2837 impensis
1346 2751 1380 2816 in

524 2851 562 2916 ln
572 2845 840 2915 alberoflanonlsso
881 2877 1012 2922 examen
1035 2854 1064 2920 X
1086 2855 1117 2919 fl.

523 2956 575 3022 uel
593 2953 688 3020 Ciuili
711 2955 839 3018 lantum
855 2961 1037 3028 Conferenti
1061 2959 1199 3046 insignia
1223 2965 1287 3026 tres
1308 2961 1340 3027 Η.

854 3065 998 3152 Reliquis
1015 3065 1204 3130 Ductoribus
1223 3068 1295 3131 actu
1310 3088 1383 3150 pro·

875 3171 1038 3236 fitentibus
1062 3173 1125 3235 tres
1149 3171 1180 3236 Η.

309 3352 315 3364 Ι
854 3275 1009 3340 Ministris
1028 3274 1162 3358 publicis
1174 3274 1339 3339 dimidium
1348 3273 1379 3338 fl.

218 3349 410 3417 Cflssdldfllflfl
431 3373 488 3436 1¹1⁰
854 3380 940 3445 Duas
969 3379 1066 3444 libras
1097 3379 1215 3445 zaccari
1246 3379 1381 3466 singulis

243 3456 461 3575 consequenda
878 3484 1069 3550 noualibus
1092 3484 1141 3548 sui
1163 3482 1307 3570 eollegij.

289 3560 417 3626 l¹⁰³¹³l¹³
840 3572 984 4050 lcactera
998 3590 1100 3654 soluet
1121 3588 1221 3674 paria,
1243 3590 1381 3675 exceptis

526 1948 542 2320 l
597 2059 636 2123 Ι.
659 2061 793 2142 Η...

876 3718 955 3780 quac
978 3700 1162 3778 sequuntur.

854 3801 987 3866 Aerario
1003 3797 1134 3886 Collegij
1149 3797 1238 3864 Juris
1260 3799 1325 3862 tres
1348 3798 1380 3864 Η.

855 3906 916 3971 Pro
960 3905 1121 3971 laboribus
1158 3904 1308 3990 impensis
1346 3901 1378 3968 in

876 4033 1007 4076 examen
1031 4008 1092 4075 XX
1111 4010 1142 4074 Η.

855 4114 1038 4181 Conferenti
1062 4114 1201 4200 insignia
1222 4135 1276 4178 sex
1298 4111 1329 4176 Η.

856 4220 998 4305 Reliquis
1014 4218 1202 4286 Doctoribus
1218 4221 1289 4284 actu
1305 4239 1378 4302 pro-

584 4027 623 4092 ln
646 4032 780 4113 utroque

876 4325 1042 4390 libentibus
1067 4345 1121 4389 sex
1143 4325 1173 4389 Η,

855 4429 1010 4500 Miniscris
1032 4451 1129 4496 unum
1152 4428 1183 4494 Η.
