3460 5314
357 483 419 550 348
820 483 951 539 Facultas
970 484 1089 561 Artium.

356 663 491 724 quorum
513 640 667 706 librorum
692 641 873 708 formalium
897 645 1049 730 gradum,
1079 645 1118 709 ad
1141 666 1234 729 quem
1257 644 1405 724 anhelat,
1428 667 1556 710 concer-

353 747 500 812 ncncium
523 747 557 810 in
580 747 692 812 vltimo
714 748 817 813 medio
833 771 925 813 anno.
972 747 1033 824 Qui
1055 753 1164 834 pastus
1182 749 1311 813 nomine
1334 749 1408 814 dare
1430 749 1557 814 debebit

354 874 410 936 per
433 852 644 936 septimanam
668 856 740 917 octo
755 854 908 919 denarios.
955 853 1184 920 Baccnlaureus
1200 877 1309 920 verca
1330 856 1396 920 suis
1419 877 1556 920 conuen-

353 957 475 1022 toribus
496 957 598 1022 solum
629 955 670 1039 (si
692 958 841 1044 voluerit)
872 959 980 1024 audiat
1003 960 1257 1045 resumpciones,
1290 959 1353 1024 nisi
1376 960 1458 1024 forte
1480 981 1556 1024 con·

355 1184 443 1248 audit
474 1183 598 1266 aliaque
621 1183 697 1248 facit
720 1188 750 1247 et
774 1186 932 1266 operatur,
957 1187 1053 1268 prout
1075 1185 1114 1249 ad
1137 1183 1256 1250 incolas
1278 1185 1444 1250 bursarum
1468 1205 1556 1270 spec·

359 1292 427 1354 tare
449 1286 574 1352 videtur
596 1291 628 1352 et
651 1288 816 1372 pertinere.

487 1533 544 1599 De
567 1534 901 1600 commutatione
923 1538 1086 1599 actuum
1110 1535 1422 1621 neglectorum.

442 1708 566 1774 Placuit
590 1707 673 1793 quod
696 1712 831 1774 rectores
861 1709 1026 1774 bursarum
1057 1710 1094 1774 de
1117 1714 1219 1776 ocimo
1242 1709 1391 1774 lectiones
1414 1710 1446 1773 et
1468 1729 1557 1771 exer·

355 1813 432 1878 citia
454 1814 598 1898 neglecta
621 1813 792 1879 scolaribus
816 1818 846 1878 et
869 1814 1079 1880 baccalaureis
1101 1815 1218 1881 artium
1241 1816 1275 1879 in
1298 1814 1377 1878 alios
1399 1817 1505 1892 actus,
1529 1811 1558 1876 si

354 1921 474 2002 petant,
498 1922 695 1983 commutare
717 1919 849 2004 possint.

440 2022 522 2088 Item
557 2021 601 2107 bij
637 2024 691 2107 qui
725 2023 844 2088 habent
875 2023 1030 2088 defectum
1054 2026 1146 2090 unius
1169 2026 1280 2091 totalis
1301 2024 1394 2103 libri,
1427 2023 1558 2088 veniant

356 2132 431 2192 ante
462 2132 587 2211 tompus
621 2128 821 2193 admissionis
852 2129 891 2192 ad
925 2127 1111 2193 facultatem
1143 2151 1201 2214 pro
1234 2130 1468 2214 dispensatione
1502 2130 1558 2192 aut

358 2232 612 2297 commutatione.
658 2231 763 2297 Aliter
785 2255 857 2298 cum
879 2233 996 2298 eisdem
1019 2233 1153 2299 facultas
1168 2257 1234 2299 non
1257 2233 1452 2318 dispensabit
1475 2237 1557 2296 tcm-

356 2358 432 2420 porc
455 2336 664 2414 admissionis,
689 2337 756 2403 Nec
778 2342 986 2403 conuenturos
1008 2338 1129 2403 habent
1144 2339 1282 2424 amplius
1298 2339 1396 2404 eciam
1419 2336 1558 2402 defectus

353 2441 446 2505 vnius
469 2441 542 2505 libri
565 2445 620 2506 aut
643 2442 782 2527 plurium
807 2443 991 2527 partialium
1014 2442 1169 2508 librorum
1185 2447 1388 2520 commutare,
1412 2442 1465 2506 sed
1488 2443 1559 2526 ipsa

353 2546 497 2611 facultas.
554 2546 726 2613 Partialem
756 2552 860 2612 autem
894 2547 1012 2612 libmm
1044 2549 1107 2613 dici
1132 2549 1231 2612 voluit
1262 2549 1370 2626 illum,
1406 2547 1557 2632 quicum

357 2651 427 2734 alijs
450 2651 527 2716 facit
550 2674 647 2717 vnum
670 2652 801 2717 totalem
817 2653 946 2731 librum,
971 2655 1142 2719 secundum
1159 2654 1347 2720 diuisionem
1363 2654 1555 2719 conuenien-

358 2759 433 2835 tem,
456 2761 492 2821 vt
514 2757 635 2840 primus
658 2757 853 2842 phisicorum
876 2764 932 2823 aut
954 2759 1108 2825 sccundus
1131 2763 1190 2825 etc.

605 2981 663 3050 De
685 2984 948 3070 temporibus
972 2986 1303 3070 promotionum.

442 3159 524 3225 Item
547 3158 706 3226 dominica
726 3160 872 3243 proxima
895 3163 973 3224 ante
996 3159 1162 3244 angariam
1187 3158 1221 3222 in
1246 3158 1487 3244 quadragesima
1509 3157 1560 3222 in·

355 3265 487 3329 timetur
509 3286 640 3329 examen
663 3288 720 3349 pro
743 3265 983 3330 baccalaureatu
999 3268 1031 3329 ct
1047 3265 1096 3329 die
1112 3263 1203 3329 Jouis
1228 3264 1373 3348 sequenti
1389 3264 1559 3348 aperiatur.

357 3367 437 3434 Item
461 3371 494 3433 in
517 3371 649 3456 angeria
671 3370 899 3454 penthecostes.

444 3473 583 3540 Examen
607 3496 680 3540 vero
702 3474 1060 3552 baccalaureandorum,
1094 3473 1177 3557 quod
1198 3473 1334 3538 babetur
1356 3473 1441 3538 circa
1463 3493 1562 3557 anga-

360 3575 441 3642 riam
466 3580 576 3656 oruois,
600 3579 766 3644 intimetur
788 3579 947 3644 dominica
970 3581 1045 3642 ante
1066 3576 1183 3642 festum
1206 3578 1386 3643 natiuitatis
1407 3576 1508 3642 marie
1531 3580 1563 3641 et

356 3683 452 3747 tartia
483 3683 532 3748 die
562 3684 705 3768 sequenti
741 3685 919 3768 aperiatur,
954 3684 1016 3748 nisi
1049 3683 1146 3748 fuerit
1175 3683 1303 3749 festum.
1361 3683 1452 3748 Tunc
1475 3681 1583 3774 enim·

356 3794 469 3874 quarta
492 3790 542 3853 dic
564 3791 733 3874 aperiatur.
779 3789 891 3855 Voluit
913 3795 1019 3854 tamen
1052 3789 1205 3866 facultas,
1230 3790 1313 3874 quod
1336 3789 1452 3853 festum
1474 3787 1562 3852 dedi·

357 3895 491 3960 cationis
514 3895 643 3961 ecclesie
665 3895 909 3960 constantiensis
932 3917 996 3959 non
1022 3893 1175 3977 impediat
1199 3898 1305 3959 actum
1328 3893 1538 3958 admissionis.

444 3999 585 4064 Examen
609 4022 682 4064 vero
705 4000 1060 4078 baccalaureandorum,
1093 3999 1177 4083 quod
1202 3998 1337 4062 habetur
1360 3999 1441 4062 circa
1463 4019 1562 4082 anga-

355 4104 435 4168 riam
458 4102 553 4168 Lucie
579 4105 645 4186 [13.
663 4103 764 4187 Dec.],
789 4105 955 4170 intimetur
978 4105 1011 4168 in
1035 4105 1084 4168 die
1101 4127 1125 4167 s.
1143 4102 1270 4188 Nicolaj
1290 4104 1335 4186 [6.
1354 4101 1454 4185 Dec],
1480 4101 1562 4184 quod

360 4209 393 4271 in
418 4208 468 4272 dic
491 4209 705 4292 conceptionis
728 4210 826 4275 marie
847 4213 920 4293 post
942 4209 1111 4294 prandium
1135 4209 1248 4272 similis
1272 4207 1441 4291 aperiatur.

447 4313 528 4379 Item
551 4313 654 4378 voluit
674 4314 824 4394 facultas,
859 4315 942 4399 quod
965 4318 1090 4400 tempus
1121 4313 1341 4395 completionis
1364 4313 1563 4394 computetur

365 4418 587 4502 promouendis
611 4421 650 4485 ad
674 4421 866 4486 dominicam
888 4423 961 4503 post
984 4418 1158 4504 angariam.

446 4523 586 4590 Examen
618 4548 691 4592 vero
719 4548 779 4609 pro
812 4524 1038 4610 magistrandis
1061 4527 1203 4608 tempore
1225 4520 1365 4600 estiuali,
1396 4519 1564 4585 intimetur
