3462 5320
698 459 741 514 41.
770 457 903 517 Statuten
922 458 949 515 d.
968 459 1075 518 11111
1094 461 1170 518 1537.

517 685 571 752 De
594 687 824 753 honestate
849 689 946 754 vitre
968 693 1000 755 et
1022 711 1178 755 morum
1202 713 1286 777 cap.
1313 697 1362 758 17.

424 825 515 892 Nihil
549 831 599 892 est
628 827 662 892 in
693 828 840 893 omnibus
870 827 1171 914 congregationibus
1203 833 1303 918 magis
1328 836 1541 901 necessarium

337 932 476 1018 legibus,
506 936 543 997 11
572 932 649 996 boni
677 933 712 995 in
734 955 811 1017 pace
841 937 873 998 et
896 933 1001 1017 quiete
1024 934 1159 1019 degere,
1192 936 1351 1002 coherceri
1374 939 1450 1005 mali
1471 941 1541 1005 iure

336 1037 468 1122 possint.
514 1037 676 1121 Imprimis
696 1060 771 1103 uero
793 1039 827 1102 in
849 1039 1061 1103 studiosorum
1084 1040 1232 1118 caetibus,
1262 1041 1316 1106 ubi
1340 1043 1402 1108 nisi
1424 1066 1486 1128 pax
1508 1049 1542 1109 11

338 1145 426 1227 quies
448 1142 603 1207 inuiolata
625 1145 777 1223 seruetur,
802 1143 885 1207 nihil
900 1147 984 1209 11111
997 1143 1066 1209 fieri
1081 1166 1202 1225 eorum,
1226 1167 1360 1230 quorum
1375 1148 1424 1213 illi
1447 1171 1541 1215 causa

337 1246 478 1314 instituti
507 1252 601 1328 sunt,
632 1249 741 1332 possit.
787 1248 904 1314 Omnia
933 1254 1039 1314 eutem
1068 1251 1191 1318 violant
1215 1271 1324 1335 pacem
1347 1255 1379 1316 et
1401 1254 1538 1337 quietem

338 1374 408 1438 111
431 1358 542 1417 contra
564 1353 760 1418 honestatem
785 1357 818 1418 et
840 1354 932 1418 decus
954 1354 1045 1418 fiunt.
1104 1353 1206 1430 Quare
1228 1357 1265 1419 11
1286 1353 1454 1421 laudabilis
1475 1357 1539 1421 dis·

339 1457 459 1542 ciplina
481 1457 691 1536 custodiatur,
721 1459 863 1542 quaedam
888 1459 1037 1523 studiosis
1060 1458 1235 1524 honestatis
1258 1481 1294 1524 ac
1316 1461 1435 1526 decoris
1458 1483 1540 1546 pree·

338 1565 429 1648 cepta
451 1563 596 1647 deinceps
619 1585 706 1628 nunc
728 1567 945 1651 exponentur,
977 1564 1091 1649 quibus
1115 1565 1170 1649 qui
1193 1585 1302 1649 parere
1324 1565 1460 1631 libenter
1482 1589 1540 1632 1ο-

335 1668 453 1732 1111111
486 1667 651 1745 meliores,
683 1669 737 1752 qui
770 1669 932 1735 noluerint
969 1691 1035 1734 non
1066 1674 1150 1735 certe
1186 1670 1355 1736 deteriores
1389 1671 1540 1737 coherciti

336 1772 439 1856 poenis
461 1772 649 1838 afficientur.

814 1946 861 2012 De
884 1946 1063 2032 Religione.

428 2087 534 2156 Etiam
558 2089 579 2173 ij
603 2089 658 2174 qui
680 2111 756 2155 uera
778 2089 902 2155 ratione
924 2088 1027 2155 Deum
1050 2112 1115 2155 non
1138 2090 1313 2170 coluerunt,
1337 2095 1412 2157 ante
1433 2095 1540 2160 omnia

336 2193 439 2260 Deum
463 2195 627 2262 colendum
650 2199 734 2261 caste
757 2195 869 2280 pieque
892 2195 1098 2272 adorandum,
1122 2195 1330 2260 reuerendum
1350 2197 1537 2263 1111111111-

336 2299 459 2365 derunt
516 2298 584 2376 Quo
616 2300 719 2384 magis
749 2299 782 2364 in
814 2299 874 2364 bac
894 2300 1039 2365 veritatis
1061 2299 1131 2365 luce
1153 2299 1348 2379 faciendum,
1380 2305 1416 2366 11
1438 2303 1539 2368 diuini

336 2405 476 2470 numinis
508 2405 611 2471 cultus
643 2405 802 2490 praecipua
830 2427 905 2470 cnra
936 2405 1027 2472 nobis
1058 2406 1111 2470 sit.
1156 2404 1274 2470 Omnes
1296 2405 1395 2490 igitur
1418 2407 1539 2472 nullam

335 2531 402 2574 rem
424 2510 527 2574 diuini
558 2510 697 2574 numinis
729 2510 933 2576 veneratione
963 2511 1177 2596 antiquiorem
1208 2531 1273 2575 esse
1302 2509 1541 2588 1111111111

335 2637 406 2680 cum
428 2615 633 2681 meditatione
655 2616 782 2681 assidua
805 2639 965 2682 sacrarum
980 2617 1147 2682 literarum
1162 2614 1326 2694 excitetur,
1349 2637 1442 2681 nemo
1465 2638 1540 2682 con-

335 2719 439 2784 ciones
470 2724 502 2784 et
525 2741 631 2804 preces
665 2721 824 2804 publicas,
861 2743 939 2805 quas
961 2723 1096 2787 letanias
1118 2723 1251 2798 uocant,
1282 2720 1435 2805 negligat.
1480 2720 1541 2796 uui

333 2823 575 2890 contrafecerit
597 2830 629 2891 et
652 2824 741 2892 festis
764 2827 922 2912 praecipue
944 2827 1053 2893 diebus
1083 2826 1141 2892 sub
1166 2825 1369 2890 concionibus
1386 2826 1541 2911 apedello

335 2931 368 2993 in
392 2930 508 3013 oppido
531 2934 586 2996 aut
608 2952 718 3017 campo
734 2938 879 3018 repertus
895 2933 1002 3009 tuerit,
1026 2931 1059 2996 in
1077 2953 1149 2996 eum
1165 2928 1242 3012 (nisi
1258 2951 1369 2994 causas
1390 2928 1541 2994 absentiae

334 3056 398 3099 sure
420 3035 626 3119 grauissimas
649 3037 834 3123 assignarit)
858 3037 895 3101 de
919 3037 1077 3102 sententia
1091 3035 1236 3100 Rectoris
1260 3033 1539 3099 animaduertetur.

335 3137 452 3204 Omnes
468 3139 565 3205 etiam
581 3161 710 3225 operam
725 3141 811 3218 dent,
835 3145 873 3204 nt
887 3141 962 3206 ritae
977 3139 1174 3217 castimonia,
1198 3139 1315 3224 pietate
1331 3141 1364 3202 et
1385 3137 1541 3226 religione

334 3245 471 3331 probent
493 3267 526 3312 se
547 3266 623 3312 cura
644 3266 750 3312 rerum
772 3267 935 3312 sacrarum
957 3247 1039 3311 serio
1063 3245 1163 3332 tangi.

786 3419 833 3486 De
857 3419 1079 3506 Blaspbemijs.

428 3559 657 3644 Blasphemias,
681 3561 891 3626 deierationes
907 3561 1011 3626 omnis
1027 3561 1163 3646 generis,
1180 3559 1351 3637 mendacia,
1375 3558 1542 3624 maledicta

343 3687 451 3731 omnes
474 3689 597 3731 summa
619 3667 796 3732 attentione
819 3666 989 3744 declinent,
1013 3687 1149 3749 quorum
1171 3665 1371 3752 singulorum
1395 3663 1430 3727 in
1450 3683 1542 3728 accu-

342 3774 426 3835 satos
448 3774 481 3834 et
503 3771 663 3836 conuictos
686 3794 723 3838 ea
746 3771 894 3838 Rectcris
917 3776 949 3837 et
963 3770 1098 3838 Senatus
1122 3771 1353 3836 animaduersio
1376 3770 1447 3846 erit,
1471 3791 1543 3852 quse

337 3877 449 3942 merito
473 3877 696 3942 sceleratorum
719 3899 786 3944 esse
808 3877 919 3955 debet,
952 3883 983 3941 et
1006 3898 1064 3961 pro
1088 3875 1282 3960 indignitate
1304 3874 1355 3938 uel
1377 3873 1543 3938 atrocitate

336 3980 538 4046 deierationis
561 3986 592 4048 11
614 3981 827 4070 Blasphemiae
850 3982 989 4048 ciuiliter
1011 3983 1062 4047 uel
1085 3981 1293 4046 criminaliter
1315 3979 1496 4064 punientur.

397 4154 445 4221 De
467 4155 657 4225 Reuerentia
680 4179 755 4246 erga
776 4162 986 4244 preceptores
1010 4161 1042 4222 et
1064 4156 1231 4242 diligentia
1251 4155 1286 4219 in
1312 4152 1475 4219 audiendis

837 4262 1035 4329 lectionibus.

426 4397 650 4465 Adolescentes
672 4401 805 4465 maiores
827 4404 906 4466 natu
928 4404 961 4464 et
979 4398 1152 4485 Magistros
1174 4420 1256 4478 suos,
1281 4399 1335 4483 qui
1359 4398 1460 4463 instar
1483 4419 1542 4482 pa·

344 4508 472 4568 rentum
494 4503 559 4568 sint
582 4504 703 4590 cuique,
727 4509 933 4583 uenerantor,
966 4506 1167 4585 obseruanto,
1190 4504 1369 4570 obedientia
1391 4508 1423 4569 et
1445 4501 1543 4568 mori-
