<?xml version="1.0" encoding="UTF-8"?>
<!DOCTYPE html PUBLIC "-//W3C//DTD XHTML 1.0 Transitional//EN"
    "http://www.w3.org/TR/xhtml1/DTD/xhtml1-transitional.dtd">
<html xmlns="http://www.w3.org/1999/xhtml" xml:lang="en" lang="en">
 <head>
  <title>
</title>
<meta http-equiv="Content-Type" content="text/html;charset=utf-8" />
  <meta name='ocr-system' content='tesseract 3.04.00' />
  <meta name='ocr-capabilities' content='ocr_page ocr_carea ocr_par ocr_line ocrx_word'/>
</head>
<body>
  <div class='ocr_page' id='page_1' title='image "./urkundenzurgesc00tbgoog_0396.png"; bbox 0 0 3504 5322; ppageno 0'>
   <div class='ocr_carea' id='block_1_1' title="bbox 328 440 1051 509">
    <p class='ocr_par' dir='ltr' id='par_1_1' title="bbox 328 440 1051 509">
     <span class='ocr_line' id='line_1_1' title="bbox 328 440 1051 509; baseline -0.018 0"><span class='ocrx_word' id='word_1_1' title='bbox 328 447 391 509; x_wconf 83' lang='grc'><strong>382</strong></span> <span class='ocrx_word' id='word_1_2' title='bbox 783 440 913 496; x_wconf 81' lang='lat' dir='ltr'><strong>Facultas</strong></span> <span class='ocrx_word' id='word_1_3' title='bbox 931 442 1051 499; x_wconf 81' lang='lat' dir='ltr'><strong>Artium.</strong></span> 
     </span>
    </p>
   </div>
   <div class='ocr_carea' id='block_1_2' title="bbox 324 599 1523 2262">
    <p class='ocr_par' dir='ltr' id='par_1_2' title="bbox 324 599 1523 2262">
     <span class='ocr_line' id='line_1_2' title="bbox 413 599 1521 686; baseline -0.001 -20"><span class='ocrx_word' id='word_1_4' title='bbox 413 601 482 666; x_wconf 91' lang='lat' dir='ltr'><strong>Hoc</strong></span> <span class='ocrx_word' id='word_1_5' title='bbox 503 605 610 666; x_wconf 88' lang='lat' dir='ltr'><strong>tamen</strong></span> <span class='ocrx_word' id='word_1_6' title='bbox 632 599 793 664; x_wconf 75' lang='lat' dir='ltr'><strong>fateantur</strong></span> <span class='ocrx_word' id='word_1_7' title='bbox 814 620 922 663; x_wconf 90' lang='lat' dir='ltr'><strong>omnes</strong></span> <span class='ocrx_word' id='word_1_8' title='bbox 944 621 1067 666; x_wconf 83' lang='lat' dir='ltr'><strong>necesse</strong></span> <span class='ocrx_word' id='word_1_9' title='bbox 1090 605 1146 679; x_wconf 83' lang='lat' dir='ltr'><strong>cst,</strong></span> <span class='ocrx_word' id='word_1_10' title='bbox 1169 605 1207 665; x_wconf 92' lang='lat' dir='ltr'><strong>ut</strong></span> <span class='ocrx_word' id='word_1_11' title='bbox 1229 601 1386 686; x_wconf 79' lang='lat' dir='ltr'><strong>ignoratis</strong></span> <span class='ocrx_word' id='word_1_12' title='bbox 1410 600 1521 686; x_wconf 79' lang='lat' dir='ltr'><strong>figuris</strong></span> 
     </span>
     <span class='ocr_line' id='line_1_3' title="bbox 326 705 1519 790; baseline 0.001 -20"><span class='ocrx_word' id='word_1_13' title='bbox 326 706 489 770; x_wconf 89' lang='lat' dir='ltr'><strong>literarum</strong></span> <span class='ocrx_word' id='word_1_14' title='bbox 512 710 607 789; x_wconf 89' lang='lat' dir='ltr'><strong>atque</strong></span> <span class='ocrx_word' id='word_1_15' title='bbox 625 708 783 790; x_wconf 85' lang='lat' dir='ltr'><strong>potestate</strong></span> <span class='ocrx_word' id='word_1_16' title='bbox 806 705 898 768; x_wconf 88' lang='lat' dir='ltr'><strong>lectio</strong></span> <span class='ocrx_word' id='word_1_17' title='bbox 921 705 1010 769; x_wconf 89' lang='lat' dir='ltr'><strong>nulla</strong></span> <span class='ocrx_word' id='word_1_18' title='bbox 1032 705 1227 784; x_wconf 85' lang='lat' dir='ltr'><strong>constiterit,</strong></span> <span class='ocrx_word' id='word_1_19' title='bbox 1258 705 1304 770; x_wconf 90' lang='lat' dir='ltr'><strong>ita</strong></span> <span class='ocrx_word' id='word_1_20' title='bbox 1326 705 1445 788; x_wconf 88' lang='lat' dir='ltr'><strong>absque</strong></span> <span class='ocrx_word' id='word_1_21' title='bbox 1467 729 1519 771; x_wconf 87' lang='lat' dir='ltr'><strong>ar·</strong></span> 
     </span>
     <span class='ocr_line' id='line_1_4' title="bbox 324 810 1520 894; baseline 0.002 -20"><span class='ocrx_word' id='word_1_22' title='bbox 324 810 405 875; x_wconf 90' lang='lat' dir='ltr'><strong>tium</strong></span> <span class='ocrx_word' id='word_1_23' title='bbox 427 811 583 875; x_wconf 89' lang='lat' dir='ltr'><strong>honarum</strong></span> <span class='ocrx_word' id='word_1_24' title='bbox 614 810 719 875; x_wconf 89' lang='lat' dir='ltr'><strong>studio</strong></span> <span class='ocrx_word' id='word_1_25' title='bbox 752 810 790 874; x_wconf 91' lang='lat' dir='ltr'><strong>ad</strong></span> <span class='ocrx_word' id='word_1_26' title='bbox 813 810 1020 894; x_wconf 83' lang='lat' dir='ltr'>professiones</span> <span class='ocrx_word' id='word_1_27' title='bbox 1044 811 1135 890; x_wconf 89' lang='lat' dir='ltr'><strong>illas,</strong></span> <span class='ocrx_word' id='word_1_28' title='bbox 1167 815 1205 876; x_wconf 91' lang='lat' dir='ltr'><strong>ut</strong></span> <span class='ocrx_word' id='word_1_29' title='bbox 1226 811 1355 888; x_wconf 90' lang='lat' dir='ltr'><strong>uolunt,</strong></span> <span class='ocrx_word' id='word_1_30' title='bbox 1388 812 1520 877; x_wconf 86' lang='lat' dir='ltr'><strong>maiores</strong></span> 
     </span>
     <span class='ocr_line' id='line_1_5' title="bbox 327 913 1521 998; baseline 0.003 -20"><span class='ocrx_word' id='word_1_31' title='bbox 327 915 485 979; x_wconf 89' lang='lat' dir='ltr'><strong>neminem</strong></span> <span class='ocrx_word' id='word_1_32' title='bbox 507 935 721 990; x_wconf 88' lang='lat' dir='ltr'><strong>accessurum,</strong></span> <span class='ocrx_word' id='word_1_33' title='bbox 751 917 807 978; x_wconf 89' lang='lat' dir='ltr'><strong>aut</strong></span> <span class='ocrx_word' id='word_1_34' title='bbox 828 913 896 978; x_wconf 87' lang='lat' dir='ltr'><strong>sine</strong></span> <span class='ocrx_word' id='word_1_35' title='bbox 918 913 1064 998; x_wconf 84' lang='lat' dir='ltr'><strong>praesidio</strong></span> <span class='ocrx_word' id='word_1_36' title='bbox 1088 914 1214 980; x_wconf 85' lang='lat' dir='ltr'><strong>illarum</strong></span> <span class='ocrx_word' id='word_1_37' title='bbox 1237 916 1386 981; x_wconf 74' lang='lat' dir='ltr'><strong>notitiam</strong></span> <span class='ocrx_word' id='word_1_38' title='bbox 1408 915 1521 981; x_wconf 91' lang='lat' dir='ltr'><strong>harum</strong></span> 
     </span>
     <span class='ocr_line' id='line_1_6' title="bbox 326 1017 1522 1106; baseline 0.002 -22"><span class='ocrx_word' id='word_1_39' title='bbox 326 1022 582 1084; x_wconf 84' lang='lat' dir='ltr'><strong>conseruaturum</strong></span> <span class='ocrx_word' id='word_1_40' title='bbox 613 1039 688 1082; x_wconf 88' lang='lat' dir='ltr'><strong>esse.</strong></span> <span class='ocrx_word' id='word_1_41' title='bbox 743 1017 940 1102; x_wconf 85' lang='lat' dir='ltr'><strong>Quapropter</strong></span> <span class='ocrx_word' id='word_1_42' title='bbox 970 1019 1003 1082; x_wconf 92' lang='lat' dir='ltr'><strong>in</strong></span> <span class='ocrx_word' id='word_1_43' title='bbox 1033 1021 1121 1083; x_wconf 90' lang='lat' dir='ltr'><strong>omni</strong></span> <span class='ocrx_word' id='word_1_44' title='bbox 1150 1020 1334 1086; x_wconf 87' lang='lat' dir='ltr'><strong>scholastica</strong></span> <span class='ocrx_word' id='word_1_45' title='bbox 1360 1023 1522 1106; x_wconf 81' lang='lat' dir='ltr'><strong>republica</strong></span> 
     </span>
     <span class='ocr_line' id='line_1_7' title="bbox 328 1123 1521 1211; baseline 0.002 -22"><span class='ocrx_word' id='word_1_46' title='bbox 328 1125 393 1189; x_wconf 84' lang='lat' dir='ltr'><strong>haec</strong></span> <span class='ocrx_word' id='word_1_47' title='bbox 421 1147 494 1209; x_wconf 89' lang='lat' dir='ltr'><strong>pars</strong></span> <span class='ocrx_word' id='word_1_48' title='bbox 522 1124 695 1209; x_wconf 82' lang='lat' dir='ltr'><strong>neglects¹</strong></span> <span class='ocrx_word' id='word_1_49' title='bbox 727 1123 902 1189; x_wconf 86' lang='lat' dir='ltr'><strong>insanabile</strong></span> <span class='ocrx_word' id='word_1_50' title='bbox 933 1124 1047 1188; x_wconf 84' lang='lat' dir='ltr'><strong>vulnus</strong></span> <span class='ocrx_word' id='word_1_51' title='bbox 1069 1125 1212 1210; x_wconf 86' lang='lat' dir='ltr'><strong>infligere</strong></span> <span class='ocrx_word' id='word_1_52' title='bbox 1234 1125 1333 1204; x_wconf 92' lang='lat' dir='ltr'><strong>solet,</strong></span> <span class='ocrx_word' id='word_1_53' title='bbox 1368 1131 1521 1211; x_wconf 88' lang='lat' dir='ltr'><strong>tanquam</strong></span> 
     </span>
     <span class='ocr_line' id='line_1_8' title="bbox 326 1229 1520 1314; baseline -0.001 -19"><span class='ocrx_word' id='word_1_54' title='bbox 326 1231 449 1314; x_wconf 81' lang='lat' dir='ltr'><strong>corpori</strong></span> <span class='ocrx_word' id='word_1_55' title='bbox 481 1229 543 1314; x_wconf 91' lang='lat' dir='ltr'><strong>ipsi</strong></span> <span class='ocrx_word' id='word_1_56' title='bbox 572 1229 807 1294; x_wconf 80' lang='lat' dir='ltr'><strong>communitatis</strong></span> <span class='ocrx_word' id='word_1_57' title='bbox 838 1249 911 1306; x_wconf 90' lang='lat' dir='ltr'><strong>seu,</strong></span> <span class='ocrx_word' id='word_1_58' title='bbox 942 1232 978 1293; x_wconf 92' lang='lat' dir='ltr'><strong>ut</strong></span> <span class='ocrx_word' id='word_1_59' title='bbox 1009 1229 1172 1295; x_wconf 89' lang='lat' dir='ltr'><strong>usitatiore</strong></span> <span class='ocrx_word' id='word_1_60' title='bbox 1203 1230 1355 1309; x_wconf 82' lang='lat' dir='ltr'><strong>uocabulo</strong></span> <span class='ocrx_word' id='word_1_61' title='bbox 1385 1237 1520 1310; x_wconf 84' lang='lat' dir='ltr'><strong>utamur,</strong></span> 
     </span>
     <span class='ocr_line' id='line_1_9' title="bbox 332 1331 1523 1402; baseline -0.001 -2"><span class='ocrx_word' id='word_1_62' title='bbox 332 1332 560 1400; x_wconf 81' lang='lat' dir='ltr'><strong>Vniuersitatis</strong></span> <span class='ocrx_word' id='word_1_63' title='bbox 588 1335 772 1400; x_wconf 86' lang='lat' dir='ltr'><strong>studiorum.</strong></span> <span class='ocrx_word' id='word_1_64' title='bbox 833 1331 929 1396; x_wconf 88' lang='lat' dir='ltr'><strong>Recte</strong></span> <span class='ocrx_word' id='word_1_65' title='bbox 961 1336 1066 1397; x_wconf 91' lang='lat' dir='ltr'><strong>autem</strong></span> <span class='ocrx_word' id='word_1_66' title='bbox 1100 1337 1132 1398; x_wconf 89' lang='lat' dir='ltr'><strong>et</strong></span> <span class='ocrx_word' id='word_1_67' title='bbox 1160 1335 1269 1399; x_wconf 89' lang='lat' dir='ltr'><strong>ordine</strong></span> <span class='ocrx_word' id='word_1_68' title='bbox 1301 1335 1523 1402; x_wconf 84' lang='lat' dir='ltr'><strong>administrata</strong></span> 
     </span>
     <span class='ocr_line' id='line_1_10' title="bbox 332 1437 1521 1523; baseline 0 -19"><span class='ocrx_word' id='word_1_69' title='bbox 332 1440 412 1504; x_wconf 90' lang='lat' dir='ltr'><strong>illud</strong></span> <span class='ocrx_word' id='word_1_70' title='bbox 435 1440 592 1505; x_wconf 85' lang='lat' dir='ltr'><strong>laudabile</strong></span> <span class='ocrx_word' id='word_1_71' title='bbox 614 1445 646 1505; x_wconf 88' lang='lat' dir='ltr'><strong>et</strong></span> <span class='ocrx_word' id='word_1_72' title='bbox 676 1439 824 1503; x_wconf 84' lang='lat' dir='ltr'><strong>eximium</strong></span> <span class='ocrx_word' id='word_1_73' title='bbox 851 1460 930 1522; x_wconf 92' lang='lat' dir='ltr'><strong>opus</strong></span> <span class='ocrx_word' id='word_1_74' title='bbox 959 1437 1109 1502; x_wconf 76' lang='lat' dir='ltr'><strong>doctrina</strong></span> <span class='ocrx_word' id='word_1_75' title='bbox 1132 1442 1227 1523; x_wconf 81' lang='lat' dir='ltr'><strong>atque</strong></span> <span class='ocrx_word' id='word_1_76' title='bbox 1248 1440 1433 1506; x_wconf 78' lang='lat' dir='ltr'><strong>eruditionis</strong></span> <span class='ocrx_word' id='word_1_77' title='bbox 1457 1462 1521 1505; x_wconf 93' lang='lat' dir='ltr'><strong>non</strong></span> 
     </span>
     <span class='ocr_line' id='line_1_11' title="bbox 332 1541 1521 1630; baseline -0.001 -21"><span class='ocrx_word' id='word_1_78' title='bbox 332 1545 431 1610; x_wconf 90' lang='lat' dir='ltr'><strong>solum</strong></span> <span class='ocrx_word' id='word_1_79' title='bbox 455 1545 626 1625; x_wconf 90' lang='lat' dir='ltr'><strong>sustinere,</strong></span> <span class='ocrx_word' id='word_1_80' title='bbox 660 1545 714 1610; x_wconf 90' lang='lat' dir='ltr'><strong>sed</strong></span> <span class='ocrx_word' id='word_1_81' title='bbox 744 1544 840 1608; x_wconf 88' lang='lat' dir='ltr'><strong>etiam</strong></span> <span class='ocrx_word' id='word_1_82' title='bbox 871 1541 1032 1607; x_wconf 91' lang='lat' dir='ltr'><strong>absoluere</strong></span> <span class='ocrx_word' id='word_1_83' title='bbox 1063 1548 1158 1628; x_wconf 89' lang='lat' dir='ltr'><strong>atque</strong></span> <span class='ocrx_word' id='word_1_84' title='bbox 1180 1544 1327 1630; x_wconf 89' lang='lat' dir='ltr'><strong>perficere</strong></span> <span class='ocrx_word' id='word_1_85' title='bbox 1350 1545 1521 1610; x_wconf 87' lang='lat' dir='ltr'><strong>consueuit.</strong></span> 
     </span>
     <span class='ocr_line' id='line_1_12' title="bbox 330 1649 1522 1735; baseline -0.001 -20"><span class='ocrx_word' id='word_1_86' title='bbox 330 1649 510 1715; x_wconf 84' lang='lat' dir='ltr'><strong>Constituta</strong></span> <span class='ocrx_word' id='word_1_87' title='bbox 531 1652 658 1735; x_wconf 90' lang='lat' dir='ltr'><strong>quidem</strong></span> <span class='ocrx_word' id='word_1_88' title='bbox 681 1651 727 1714; x_wconf 86' lang='lat' dir='ltr'><strong>ita</strong></span> <span class='ocrx_word' id='word_1_89' title='bbox 748 1649 854 1714; x_wconf 89' lang='lat' dir='ltr'><strong>omnia</strong></span> <span class='ocrx_word' id='word_1_90' title='bbox 876 1653 971 1727; x_wconf 90' lang='lat' dir='ltr'><strong>sunt,</strong></span> <span class='ocrx_word' id='word_1_91' title='bbox 995 1653 1031 1712; x_wconf 92' lang='lat' dir='ltr'><strong>ut</strong></span> <span class='ocrx_word' id='word_1_92' title='bbox 1055 1672 1117 1733; x_wconf 82' lang='lat' dir='ltr'><strong>qus</strong></span> <span class='ocrx_word' id='word_1_93' title='bbox 1139 1653 1228 1734; x_wconf 87' lang='lat' dir='ltr'><strong>parte</strong></span> <span class='ocrx_word' id='word_1_94' title='bbox 1251 1673 1269 1714; x_wconf 87' lang='lat' dir='ltr'><strong>a</strong></span> <span class='ocrx_word' id='word_1_95' title='bbox 1292 1651 1450 1734; x_wconf 84' lang='lat' dir='ltr'><strong>prioribus</strong></span> <span class='ocrx_word' id='word_1_96' title='bbox 1472 1672 1522 1714; x_wconf 90' lang='lat' dir='ltr'><strong>re-</strong></span> 
     </span>
     <span class='ocr_line' id='line_1_13' title="bbox 329 1755 1523 1839; baseline 0 -19"><span class='ocrx_word' id='word_1_97' title='bbox 329 1757 436 1821; x_wconf 87' lang='lat' dir='ltr'><strong>cedere</strong></span> <span class='ocrx_word' id='word_1_98' title='bbox 459 1756 627 1822; x_wconf 88' lang='lat' dir='ltr'><strong>uideantur</strong></span> <span class='ocrx_word' id='word_1_99' title='bbox 650 1778 686 1819; x_wconf 87' lang='lat' dir='ltr'><strong>ea</strong></span> <span class='ocrx_word' id='word_1_100' title='bbox 707 1756 759 1820; x_wconf 89' lang='lat' dir='ltr'><strong>uel</strong></span> <span class='ocrx_word' id='word_1_101' title='bbox 780 1755 903 1820; x_wconf 88' lang='lat' dir='ltr'><strong>ratione</strong></span> <span class='ocrx_word' id='word_1_102' title='bbox 927 1759 1021 1838; x_wconf 88' lang='lat' dir='ltr'><strong>atque</strong></span> <span class='ocrx_word' id='word_1_103' title='bbox 1040 1755 1233 1839; x_wconf 87' lang='lat' dir='ltr'><strong>temporibus</strong></span> <span class='ocrx_word' id='word_1_104' title='bbox 1248 1757 1379 1820; x_wconf 88' lang='lat' dir='ltr'><strong>mutatis</strong></span> <span class='ocrx_word' id='word_1_105' title='bbox 1393 1758 1444 1821; x_wconf 89' lang='lat' dir='ltr'><strong>uel</strong></span> <span class='ocrx_word' id='word_1_106' title='bbox 1465 1779 1523 1822; x_wconf 89' lang='lat' dir='ltr'><strong>sua</strong></span> 
     </span>
     <span class='ocr_line' id='line_1_14' title="bbox 329 1859 1522 1946; baseline -0.002 -20"><span class='ocrx_word' id='word_1_107' title='bbox 329 1862 517 1927; x_wconf 87' lang='lat' dir='ltr'><strong>rectitudine</strong></span> <span class='ocrx_word' id='word_1_108' title='bbox 539 1861 630 1926; x_wconf 85' lang='lat' dir='ltr'><strong>facile</strong></span> <span class='ocrx_word' id='word_1_109' title='bbox 652 1861 777 1926; x_wconf 88' lang='lat' dir='ltr'><strong>defendi</strong></span> <span class='ocrx_word' id='word_1_110' title='bbox 800 1861 938 1946; x_wconf 80' lang='lat' dir='ltr'><strong>possint,</strong></span> <span class='ocrx_word' id='word_1_111' title='bbox 971 1882 1072 1944; x_wconf 90' lang='lat' dir='ltr'><strong>neque</strong></span> <span class='ocrx_word' id='word_1_112' title='bbox 1095 1859 1277 1944; x_wconf 89' lang='lat' dir='ltr'><strong>cuiusquam</strong></span> <span class='ocrx_word' id='word_1_113' title='bbox 1299 1861 1522 1927; x_wconf 89' lang='lat' dir='ltr'><strong>contumeliam</strong></span> 
     </span>
     <span class='ocr_line' id='line_1_15' title="bbox 329 1965 1523 2052; baseline 0 -20"><span class='ocrx_word' id='word_1_114' title='bbox 329 1969 410 2034; x_wconf 85' lang='lat' dir='ltr'><strong>ullas</strong></span> <span class='ocrx_word' id='word_1_115' title='bbox 435 1967 654 2032; x_wconf 88' lang='lat' dir='ltr'><strong>innonationes</strong></span> <span class='ocrx_word' id='word_1_116' title='bbox 676 1966 851 2049; x_wconf 81' lang='lat' dir='ltr'><strong>complecti,</strong></span> <span class='ocrx_word' id='word_1_117' title='bbox 875 1966 928 2029; x_wconf 90' lang='lat' dir='ltr'><strong>sed</strong></span> <span class='ocrx_word' id='word_1_118' title='bbox 949 1965 989 2030; x_wconf 88' lang='lat' dir='ltr'><strong>iis</strong></span> <span class='ocrx_word' id='word_1_119' title='bbox 1011 1968 1135 2030; x_wconf 87' lang='lat' dir='ltr'><strong>tanturn</strong></span> <span class='ocrx_word' id='word_1_120' title='bbox 1151 1987 1276 2050; x_wconf 86' lang='lat' dir='ltr'><strong>opernm</strong></span> <span class='ocrx_word' id='word_1_121' title='bbox 1292 1971 1441 2032; x_wconf 88' lang='lat' dir='ltr'><strong>nauatam</strong></span> <span class='ocrx_word' id='word_1_122' title='bbox 1463 1990 1523 2052; x_wconf 92' lang='lat' dir='ltr'><strong>pu-</strong></span> 
     </span>
     <span class='ocr_line' id='line_1_16' title="bbox 329 2071 1522 2156; baseline -0.001 -20"><span class='ocrx_word' id='word_1_123' title='bbox 329 2074 470 2150; x_wconf 87' lang='lat' dir='ltr'><strong>tandum,</strong></span> <span class='ocrx_word' id='word_1_124' title='bbox 495 2073 550 2156; x_wconf 93' lang='lat' dir='ltr'><strong>qui</strong></span> <span class='ocrx_word' id='word_1_125' title='bbox 572 2072 676 2136; x_wconf 89' lang='lat' dir='ltr'><strong>studio</strong></span> <span class='ocrx_word' id='word_1_126' title='bbox 698 2077 731 2136; x_wconf 88' lang='lat' dir='ltr'><strong>et</strong></span> <span class='ocrx_word' id='word_1_127' title='bbox 753 2071 926 2156; x_wconf 85' lang='lat' dir='ltr'><strong>cupiditate</strong></span> <span class='ocrx_word' id='word_1_128' title='bbox 949 2071 1104 2135; x_wconf 88' lang='lat' dir='ltr'><strong>bonarum</strong></span> <span class='ocrx_word' id='word_1_129' title='bbox 1126 2071 1243 2136; x_wconf 87' lang='lat' dir='ltr'><strong>artium</strong></span> <span class='ocrx_word' id='word_1_130' title='bbox 1266 2075 1360 2156; x_wconf 82' lang='lat' dir='ltr'><strong>atque</strong></span> <span class='ocrx_word' id='word_1_131' title='bbox 1383 2071 1522 2156; x_wconf 89' lang='lat' dir='ltr'><strong>discipli·</strong></span> 
     </span>
     <span class='ocr_line' id='line_1_17' title="bbox 328 2176 1288 2262; baseline 0.002 -24"><span class='ocrx_word' id='word_1_132' title='bbox 328 2197 440 2240; x_wconf 88' lang='lat' dir='ltr'><strong>narum</strong></span> <span class='ocrx_word' id='word_1_133' title='bbox 461 2177 543 2242; x_wconf 92' lang='lat' dir='ltr'><strong>hanc</strong></span> <span class='ocrx_word' id='word_1_134' title='bbox 567 2199 675 2242; x_wconf 90' lang='lat' dir='ltr'><strong>curam</strong></span> <span class='ocrx_word' id='word_1_135' title='bbox 697 2182 790 2260; x_wconf 88' lang='lat' dir='ltr'><strong>atque</strong></span> <span class='ocrx_word' id='word_1_136' title='bbox 812 2176 1063 2262; x_wconf 86' lang='lat' dir='ltr'><strong>prospectionem</strong></span> <span class='ocrx_word' id='word_1_137' title='bbox 1086 2180 1288 2242; x_wconf 88' lang='lat' dir='ltr'><strong>mererentur.</strong></span> 
     </span>
    </p>
   </div>
   <div class='ocr_carea' id='block_1_3' title="bbox 328 2403 1519 2597">
    <p class='ocr_par' dir='ltr' id='par_1_3' title="bbox 328 2403 1519 2597">
     <span class='ocr_line' id='line_1_18' title="bbox 328 2403 1519 2488; baseline -0.001 -18"><span class='ocrx_word' id='word_1_138' title='bbox 328 2405 384 2470; x_wconf 92' lang='lat' dir='ltr'><strong>De</strong></span> <span class='ocrx_word' id='word_1_139' title='bbox 406 2405 682 2470; x_wconf 89' lang='lat' dir='ltr'><strong>orationibus</strong></span> <span class='ocrx_word' id='word_1_140' title='bbox 713 2403 881 2488; x_wconf 86' lang='lat' dir='ltr'><strong>publice</strong></span> <span class='ocrx_word' id='word_1_141' title='bbox 910 2403 1133 2480; x_wconf 88' lang='lat' dir='ltr'><strong>habendis,</strong></span> <span class='ocrx_word' id='word_1_142' title='bbox 1167 2406 1395 2469; x_wconf 88' lang='lat' dir='ltr'><strong>curatione</strong></span> <span class='ocrx_word' id='word_1_143' title='bbox 1426 2426 1519 2488; x_wconf 75' lang='lat' dir='ltr'><strong>prae·</strong></span> 
     </span>
     <span class='ocr_line' id='line_1_19' title="bbox 353 2509 1499 2597; baseline -0.001 -21"><span class='ocrx_word' id='word_1_144' title='bbox 353 2513 588 2597; x_wconf 87' lang='lat' dir='ltr'><strong>positorum</strong></span> <span class='ocrx_word' id='word_1_145' title='bbox 612 2509 1010 2575; x_wconf 87' lang='lat' dir='ltr'><strong>administrationis</strong></span> <span class='ocrx_word' id='word_1_146' title='bbox 1033 2509 1163 2573; x_wconf 90' lang='lat' dir='ltr'><strong>studii</strong></span> <span class='ocrx_word' id='word_1_147' title='bbox 1185 2510 1359 2588; x_wconf 90' lang='lat' dir='ltr'><strong>artium,</strong></span> <span class='ocrx_word' id='word_1_148' title='bbox 1383 2509 1457 2595; x_wconf 81' lang='lat' dir='ltr'><strong>Cap.</strong></span> <span class='ocrx_word' id='word_1_149' title='bbox 1474 2510 1499 2574; x_wconf 95' lang='lat' dir='ltr'><strong>I.</strong></span> 
     </span>
    </p>
   </div>
   <div class='ocr_carea' id='block_1_4' title="bbox 322 2701 1525 4260">
    <p class='ocr_par' dir='ltr' id='par_1_4' title="bbox 322 2701 1523 3400">
     <span class='ocr_line' id='line_1_20' title="bbox 421 2701 1523 2787; baseline 0 -21"><span class='ocrx_word' id='word_1_150' title='bbox 421 2701 640 2787; x_wconf 81' lang='lat' dir='ltr'><strong>Adglutinalae</strong></span> <span class='ocrx_word' id='word_1_151' title='bbox 670 2703 810 2787; x_wconf 84' lang='lat' dir='ltr'><strong>quaedam</strong></span> <span class='ocrx_word' id='word_1_152' title='bbox 843 2701 1064 2766; x_wconf 87' lang='lat' dir='ltr'><strong>orationes</strong></span> <span class='ocrx_word' id='word_1_153' title='bbox 1093 2703 1293 2767; x_wconf 89' lang='lat' dir='ltr'><strong>auetcribus</strong></span> <span class='ocrx_word' id='word_1_154' title='bbox 1321 2702 1408 2767; x_wconf 87' lang='lat' dir='ltr'><strong>fuere</strong></span> <span class='ocrx_word' id='word_1_155' title='bbox 1430 2703 1523 2767; x_wconf 89' lang='lat' dir='ltr'><strong>rebus</strong></span> 
     </span>
     <span class='ocr_line' id='line_1_21' title="bbox 334 2807 1523 2892; baseline -0.001 -19"><span class='ocrx_word' id='word_1_156' title='bbox 334 2807 538 2886; x_wconf 87' lang='lat' dir='ltr'><strong>scholasticis,</strong></span> <span class='ocrx_word' id='word_1_157' title='bbox 560 2830 597 2872; x_wconf 86' lang='lat' dir='ltr'><strong>ac</strong></span> <span class='ocrx_word' id='word_1_158' title='bbox 618 2808 752 2872; x_wconf 86' lang='lat' dir='ltr'><strong>retinere</strong></span> <span class='ocrx_word' id='word_1_159' title='bbox 775 2807 900 2892; x_wconf 90' lang='lat' dir='ltr'><strong>quidem</strong></span> <span class='ocrx_word' id='word_1_160' title='bbox 922 2807 993 2871; x_wconf 90' lang='lat' dir='ltr'><strong>illas</strong></span> <span class='ocrx_word' id='word_1_161' title='bbox 1014 2829 1148 2890; x_wconf 88' lang='lat' dir='ltr'><strong>aequum,</strong></span> <span class='ocrx_word' id='word_1_162' title='bbox 1172 2808 1224 2872; x_wconf 91' lang='lat' dir='ltr'><strong>sed</strong></span> <span class='ocrx_word' id='word_1_163' title='bbox 1240 2808 1393 2892; x_wconf 90' lang='lat' dir='ltr'><strong>pristinus</strong></span> <span class='ocrx_word' id='word_1_164' title='bbox 1414 2808 1523 2872; x_wconf 90' lang='lat' dir='ltr'><strong>modus</strong></span> 
     </span>
     <span class='ocr_line' id='line_1_22' title="bbox 333 2911 1522 2999; baseline 0 -23"><span class='ocrx_word' id='word_1_165' title='bbox 333 2911 544 2978; x_wconf 89' lang='lat' dir='ltr'><strong>intolerabilis</strong></span> <span class='ocrx_word' id='word_1_166' title='bbox 567 2917 624 2977; x_wconf 91' lang='lat' dir='ltr'><strong>est.</strong></span> <span class='ocrx_word' id='word_1_167' title='bbox 668 2911 719 2978; x_wconf 90' lang='lat' dir='ltr'><strong>lta</strong></span> <span class='ocrx_word' id='word_1_168' title='bbox 741 2914 839 2999; x_wconf 80' lang='lat' dir='ltr'><strong>igitur</strong></span> <span class='ocrx_word' id='word_1_169' title='bbox 855 2912 1070 2977; x_wconf 89' lang='lat' dir='ltr'><strong>instituentur.</strong></span> <span class='ocrx_word' id='word_1_170' title='bbox 1115 2911 1265 2997; x_wconf 88' lang='lat' dir='ltr'><strong>Princeps</strong></span> <span class='ocrx_word' id='word_1_171' title='bbox 1285 2913 1381 2978; x_wconf 85' lang='lat' dir='ltr'><strong>studii</strong></span> <span class='ocrx_word' id='word_1_172' title='bbox 1397 2913 1522 2991; x_wconf 87' lang='lat' dir='ltr'><strong>artium,</strong></span> 
     </span>
     <span class='ocr_line' id='line_1_23' title="bbox 330 3017 1522 3103; baseline 0.001 -21"><span class='ocrx_word' id='word_1_173' title='bbox 330 3017 650 3102; x_wconf 81' lang='lat' dir='ltr'><strong>quemDecanum</strong></span> <span class='ocrx_word' id='word_1_174' title='bbox 681 3019 787 3084; x_wconf 86' lang='lat' dir='ltr'><strong>dixere</strong></span> <span class='ocrx_word' id='word_1_175' title='bbox 817 3040 872 3102; x_wconf 92' lang='lat' dir='ltr'><strong>pro</strong></span> <span class='ocrx_word' id='word_1_176' title='bbox 903 3018 1034 3103; x_wconf 88' lang='lat' dir='ltr'><strong>imperio</strong></span> <span class='ocrx_word' id='word_1_177' title='bbox 1067 3019 1100 3081; x_wconf 93' lang='lat' dir='ltr'><strong>in</strong></span> <span class='ocrx_word' id='word_1_178' title='bbox 1133 3018 1286 3082; x_wconf 88' lang='lat' dir='ltr'><strong>studiosos</strong></span> <span class='ocrx_word' id='word_1_179' title='bbox 1317 3019 1434 3082; x_wconf 91' lang='lat' dir='ltr'><strong>artium</strong></span> <span class='ocrx_word' id='word_1_180' title='bbox 1456 3041 1522 3095; x_wconf 90' lang='lat' dir='ltr'><strong>sno,</strong></span> 
     </span>
     <span class='ocr_line' id='line_1_24' title="bbox 329 3122 1523 3209; baseline 0.001 -22"><span class='ocrx_word' id='word_1_181' title='bbox 329 3123 509 3187; x_wconf 88' lang='lat' dir='ltr'><strong>contionem</strong></span> <span class='ocrx_word' id='word_1_182' title='bbox 540 3124 692 3189; x_wconf 88' lang='lat' dir='ltr'><strong>aduocato</strong></span> <span class='ocrx_word' id='word_1_183' title='bbox 721 3123 880 3188; x_wconf 88' lang='lat' dir='ltr'><strong>inlocum</strong></span> <span class='ocrx_word' id='word_1_184' title='bbox 904 3122 1065 3207; x_wconf 89' lang='lat' dir='ltr'><strong>publicum</strong></span> <span class='ocrx_word' id='word_1_185' title='bbox 1092 3123 1206 3188; x_wconf 81' lang='lat' dir='ltr'><strong>scholae</strong></span> <span class='ocrx_word' id='word_1_186' title='bbox 1229 3129 1259 3188; x_wconf 87' lang='lat' dir='ltr'><strong>et</strong></span> <span class='ocrx_word' id='word_1_187' title='bbox 1283 3124 1422 3209; x_wconf 87' lang='lat' dir='ltr'><strong>primum</strong></span> <span class='ocrx_word' id='word_1_188' title='bbox 1445 3123 1523 3208; x_wconf 90' lang='lat' dir='ltr'><strong>ipse,</strong></span> 
     </span>
     <span class='ocr_line' id='line_1_25' title="bbox 322 3228 1521 3314; baseline 0 -22"><span class='ocrx_word' id='word_1_189' title='bbox 322 3228 471 3312; x_wconf 71' lang='lat' dir='ltr'><strong>,proxime</strong></span> <span class='ocrx_word' id='word_1_190' title='bbox 502 3229 617 3294; x_wconf 86' lang='lat' dir='ltr'><strong>Rector</strong></span> <span class='ocrx_word' id='word_1_191' title='bbox 649 3229 855 3295; x_wconf 79' lang='lat' dir='ltr'><strong>Contubernii</strong></span> <span class='ocrx_word' id='word_1_192' title='bbox 888 3229 1052 3294; x_wconf 83' lang='lat' dir='ltr'><strong>materiam</strong></span> <span class='ocrx_word' id='word_1_193' title='bbox 1083 3232 1194 3314; x_wconf 88' lang='lat' dir='ltr'><strong>aptam</strong></span> <span class='ocrx_word' id='word_1_194' title='bbox 1222 3233 1253 3292; x_wconf 89' lang='lat' dir='ltr'><strong>ct</strong></span> <span class='ocrx_word' id='word_1_195' title='bbox 1282 3230 1521 3294; x_wconf 87' lang='lat' dir='ltr'><strong>conuenientem</strong></span> 
     </span>
     <span class='ocr_line' id='line_1_26' title="bbox 333 3333 1250 3400; baseline -0.002 -2"><span class='ocrx_word' id='word_1_196' title='bbox 333 3334 462 3398; x_wconf 78' lang='lat' dir='ltr'><strong>ueritati</strong></span> <span class='ocrx_word' id='word_1_197' title='bbox 482 3334 621 3400; x_wconf 90' lang='lat' dir='ltr'><strong>moribus</strong></span> <span class='ocrx_word' id='word_1_198' title='bbox 644 3334 736 3399; x_wconf 92' lang='lat' dir='ltr'><strong>bonis</strong></span> <span class='ocrx_word' id='word_1_199' title='bbox 757 3357 794 3400; x_wconf 89' lang='lat' dir='ltr'><strong>ac</strong></span> <span class='ocrx_word' id='word_1_200' title='bbox 814 3335 927 3398; x_wconf 86' lang='lat' dir='ltr'><strong>studiis</strong></span> <span class='ocrx_word' id='word_1_201' title='bbox 949 3335 1123 3398; x_wconf 88' lang='lat' dir='ltr'><strong>iuuentutis</strong></span> <span class='ocrx_word' id='word_1_202' title='bbox 1146 3333 1250 3400; x_wconf 90' lang='lat' dir='ltr'><strong>dicito.</strong></span> 
     </span>
    </p>

    <p class='ocr_par' dir='ltr' id='par_1_5' title="bbox 329 3437 1525 4260">
     <span class='ocr_line' id='line_1_27' title="bbox 416 3437 1525 3526; baseline 0.004 -24"><span class='ocrx_word' id='word_1_203' title='bbox 416 3437 457 3502; x_wconf 89' lang='lat' dir='ltr'><strong>Et</strong></span> <span class='ocrx_word' id='word_1_204' title='bbox 480 3441 554 3524; x_wconf 91' lang='lat' dir='ltr'><strong>quia</strong></span> <span class='ocrx_word' id='word_1_205' title='bbox 576 3439 711 3526; x_wconf 83' lang='lat' dir='ltr'><strong>singulis</strong></span> <span class='ocrx_word' id='word_1_206' title='bbox 734 3440 825 3504; x_wconf 87' lang='lat' dir='ltr'><strong>annis</strong></span> <span class='ocrx_word' id='word_1_207' title='bbox 847 3439 930 3503; x_wconf 88' lang='lat' dir='ltr'><strong>binae</strong></span> <span class='ocrx_word' id='word_1_208' title='bbox 955 3439 1115 3504; x_wconf 87' lang='lat' dir='ltr'><strong>contiones</strong></span> <span class='ocrx_word' id='word_1_209' title='bbox 1138 3438 1304 3517; x_wconf 83' lang='lat' dir='ltr'><strong>habendae,</strong></span> <span class='ocrx_word' id='word_1_210' title='bbox 1336 3445 1525 3526; x_wconf 86' lang='lat' dir='ltr'><strong>argumenta</strong></span> 
     </span>
     <span class='ocr_line' id='line_1_28' title="bbox 330 3543 1524 3629; baseline 0.003 -22"><span class='ocrx_word' id='word_1_211' title='bbox 330 3543 404 3608; x_wconf 88' lang='lat' dir='ltr'><strong>licet</strong></span> <span class='ocrx_word' id='word_1_212' title='bbox 427 3545 472 3607; x_wconf 87' lang='lat' dir='ltr'><strong>ita</strong></span> <span class='ocrx_word' id='word_1_213' title='bbox 494 3544 701 3621; x_wconf 89' lang='lat' dir='ltr'><strong>distribuant,</strong></span> <span class='ocrx_word' id='word_1_214' title='bbox 734 3549 769 3608; x_wconf 93' lang='lat' dir='ltr'><strong>ut</strong></span> <span class='ocrx_word' id='word_1_215' title='bbox 797 3544 884 3628; x_wconf 86' lang='lat' dir='ltr'><strong>prior</strong></span> <span class='ocrx_word' id='word_1_216' title='bbox 906 3544 1006 3608; x_wconf 85' lang='lat' dir='ltr'><strong>oratio</strong></span> <span class='ocrx_word' id='word_1_217' title='bbox 1039 3545 1266 3629; x_wconf 85' lang='lat' dir='ltr'><strong>complectatur</strong></span> <span class='ocrx_word' id='word_1_218' title='bbox 1288 3547 1385 3610; x_wconf 91' lang='lat' dir='ltr'><strong>studii</strong></span> <span class='ocrx_word' id='word_1_219' title='bbox 1408 3549 1524 3610; x_wconf 88' lang='lat' dir='ltr'><strong>artium</strong></span> 
     </span>
     <span class='ocr_line' id='line_1_29' title="bbox 329 3647 1523 3734; baseline 0.004 -23"><span class='ocrx_word' id='word_1_220' title='bbox 329 3647 436 3712; x_wconf 88' lang='lat' dir='ltr'><strong>laudes</strong></span> <span class='ocrx_word' id='word_1_221' title='bbox 472 3671 507 3714; x_wconf 89' lang='lat' dir='ltr'><strong>ac</strong></span> <span class='ocrx_word' id='word_1_222' title='bbox 541 3651 705 3734; x_wconf 85' lang='lat' dir='ltr'><strong>praeconia·</strong></span> <span class='ocrx_word' id='word_1_223' title='bbox 760 3649 871 3715; x_wconf 80' lang='lat' dir='ltr'><strong>Altera</strong></span> <span class='ocrx_word' id='word_1_224' title='bbox 901 3650 1076 3716; x_wconf 88' lang='lat' dir='ltr'><strong>cohortatio</strong></span> <span class='ocrx_word' id='word_1_225' title='bbox 1110 3650 1152 3715; x_wconf 88' lang='lat' dir='ltr'><strong>sit</strong></span> <span class='ocrx_word' id='word_1_226' title='bbox 1175 3650 1211 3714; x_wconf 91' lang='lat' dir='ltr'><strong>ad</strong></span> <span class='ocrx_word' id='word_1_227' title='bbox 1235 3651 1320 3716; x_wconf 90' lang='lat' dir='ltr'><strong>uitae</strong></span> <span class='ocrx_word' id='word_1_228' title='bbox 1342 3673 1378 3716; x_wconf 92' lang='lat' dir='ltr'><strong>ac</strong></span> <span class='ocrx_word' id='word_1_229' title='bbox 1400 3674 1523 3716; x_wconf 89' lang='lat' dir='ltr'><strong>morum</strong></span> 
     </span>
     <span class='ocr_line' id='line_1_30' title="bbox 330 3751 1524 3836; baseline 0.004 -21"><span class='ocrx_word' id='word_1_230' title='bbox 330 3751 506 3817; x_wconf 88' lang='lat' dir='ltr'><strong>castitatem</strong></span> <span class='ocrx_word' id='word_1_231' title='bbox 539 3757 633 3836; x_wconf 89' lang='lat' dir='ltr'><strong>atque</strong></span> <span class='ocrx_word' id='word_1_232' title='bbox 665 3755 767 3820; x_wconf 87' lang='lat' dir='ltr'><strong>decus.</strong></span> <span class='ocrx_word' id='word_1_233' title='bbox 813 3756 872 3820; x_wconf 89' lang='lat' dir='ltr'><strong>His</strong></span> <span class='ocrx_word' id='word_1_234' title='bbox 896 3755 1036 3832; x_wconf 88' lang='lat' dir='ltr'><strong>accedet,</strong></span> <span class='ocrx_word' id='word_1_235' title='bbox 1060 3775 1129 3819; x_wconf 92' lang='lat' dir='ltr'><strong>cnm</strong></span> <span class='ocrx_word' id='word_1_236' title='bbox 1153 3755 1199 3819; x_wconf 85' lang='lat' dir='ltr'><strong>ita</strong></span> <span class='ocrx_word' id='word_1_237' title='bbox 1223 3756 1386 3833; x_wconf 84' lang='lat' dir='ltr'><strong>ceciderit,</strong></span> <span class='ocrx_word' id='word_1_238' title='bbox 1419 3758 1524 3834; x_wconf 85' lang='lat' dir='ltr'><strong>tertia,</strong></span> 
     </span>
     <span class='ocr_line' id='line_1_31' title="bbox 330 3857 1525 3945; baseline 0.004 -24"><span class='ocrx_word' id='word_1_239' title='bbox 330 3879 399 3941; x_wconf 89' lang='lat' dir='ltr'><strong>quae</strong></span> <span class='ocrx_word' id='word_1_240' title='bbox 422 3857 564 3922; x_wconf 85' lang='lat' dir='ltr'><strong>funebris</strong></span> <span class='ocrx_word' id='word_1_241' title='bbox 596 3859 655 3937; x_wconf 89' lang='lat' dir='ltr'><strong>sit,</strong></span> <span class='ocrx_word' id='word_1_242' title='bbox 689 3881 760 3924; x_wconf 93' lang='lat' dir='ltr'><strong>cum</strong></span> <span class='ocrx_word' id='word_1_243' title='bbox 784 3861 853 3944; x_wconf 90' lang='lat' dir='ltr'><strong>quis</strong></span> <span class='ocrx_word' id='word_1_244' title='bbox 885 3860 1057 3925; x_wconf 90' lang='lat' dir='ltr'><strong>honoratus</strong></span> <span class='ocrx_word' id='word_1_245' title='bbox 1084 3860 1286 3945; x_wconf 89' lang='lat' dir='ltr'><strong>eruditusque</strong></span> <span class='ocrx_word' id='word_1_246' title='bbox 1308 3883 1344 3925; x_wconf 88' lang='lat' dir='ltr'><strong>ao</strong></span> <span class='ocrx_word' id='word_1_247' title='bbox 1367 3860 1525 3944; x_wconf 88' lang='lat' dir='ltr'><strong>professor</strong></span> 
     </span>
     <span class='ocr_line' id='line_1_32' title="bbox 330 3962 1525 4044; baseline 0.005 -19"><span class='ocrx_word' id='word_1_248' title='bbox 330 3962 427 4026; x_wconf 89' lang='lat' dir='ltr'><strong>studii</strong></span> <span class='ocrx_word' id='word_1_249' title='bbox 450 3963 604 4028; x_wconf 91' lang='lat' dir='ltr'><strong>bonarum</strong></span> <span class='ocrx_word' id='word_1_250' title='bbox 637 3966 772 4044; x_wconf 91' lang='lat' dir='ltr'><strong>artium,</strong></span> <span class='ocrx_word' id='word_1_251' title='bbox 805 3966 969 4031; x_wconf 91' lang='lat' dir='ltr'><strong>literarum</strong></span> <span class='ocrx_word' id='word_1_252' title='bbox 999 3966 1207 4031; x_wconf 89' lang='lat' dir='ltr'><strong>humanitatis</strong></span> <span class='ocrx_word' id='word_1_253' title='bbox 1236 3966 1303 4030; x_wconf 89' lang='lat' dir='ltr'><strong>siue</strong></span> <span class='ocrx_word' id='word_1_254' title='bbox 1333 3969 1449 4031; x_wconf 86' lang='lat' dir='ltr'><strong>nostrae</strong></span> <span class='ocrx_word' id='word_1_255' title='bbox 1472 3989 1525 4031; x_wconf 89' lang='lat' dir='ltr'><strong>seu</strong></span> 
     </span>
     <span class='ocr_line' id='line_1_33' title="bbox 335 4068 1525 4155; baseline 0.003 -23"><span class='ocrx_word' id='word_1_256' title='bbox 335 4068 464 4133; x_wconf 83' lang='lat' dir='ltr'><strong>alterius</strong></span> <span class='ocrx_word' id='word_1_257' title='bbox 487 4069 601 4134; x_wconf 83' lang='lat' dir='ltr'><strong>scholae</strong></span> <span class='ocrx_word' id='word_1_258' title='bbox 624 4071 701 4136; x_wconf 92' lang='lat' dir='ltr'><strong>ciuis</strong></span> <span class='ocrx_word' id='word_1_259' title='bbox 723 4072 757 4135; x_wconf 93' lang='lat' dir='ltr'><strong>in</strong></span> <span class='ocrx_word' id='word_1_260' title='bbox 779 4072 838 4137; x_wconf 94' lang='lat' dir='ltr'><strong>hoc</strong></span> <span class='ocrx_word' id='word_1_261' title='bbox 860 4071 976 4155; x_wconf 91' lang='lat' dir='ltr'><strong>oppido</strong></span> <span class='ocrx_word' id='word_1_262' title='bbox 998 4075 1131 4135; x_wconf 86' lang='lat' dir='ltr'><strong>mortem</strong></span> <span class='ocrx_word' id='word_1_263' title='bbox 1147 4069 1326 4153; x_wconf 89' lang='lat' dir='ltr'><strong>oppetierit,</strong></span> <span class='ocrx_word' id='word_1_264' title='bbox 1349 4075 1418 4135; x_wconf 89' lang='lat' dir='ltr'><strong>tum</strong></span> <span class='ocrx_word' id='word_1_265' title='bbox 1440 4073 1525 4136; x_wconf 89' lang='lat' dir='ltr'><strong>enim</strong></span> 
     </span>
     <span class='ocr_line' id='line_1_34' title="bbox 330 4172 1525 4260; baseline 0.003 -23"><span class='ocrx_word' id='word_1_266' title='bbox 330 4172 474 4239; x_wconf 87' lang='lat' dir='ltr'><strong>Decanus</strong></span> <span class='ocrx_word' id='word_1_267' title='bbox 497 4197 554 4260; x_wconf 92' lang='lat' dir='ltr'><strong>pro</strong></span> <span class='ocrx_word' id='word_1_268' title='bbox 577 4176 722 4241; x_wconf 89' lang='lat' dir='ltr'><strong>contione</strong></span> <span class='ocrx_word' id='word_1_269' title='bbox 745 4198 815 4260; x_wconf 88' lang='lat' dir='ltr'><strong>quac</strong></span> <span class='ocrx_word' id='word_1_270' title='bbox 838 4197 887 4240; x_wconf 89' lang='lat' dir='ltr'><strong>res</strong></span> <span class='ocrx_word' id='word_1_271' title='bbox 909 4174 990 4239; x_wconf 86' lang='lat' dir='ltr'><strong>feret</strong></span> <span class='ocrx_word' id='word_1_272' title='bbox 1012 4175 1185 4258; x_wconf 89' lang='lat' dir='ltr'><strong>composita</strong></span> <span class='ocrx_word' id='word_1_273' title='bbox 1212 4175 1251 4238; x_wconf 86' lang='lat' dir='ltr'><strong>ad</strong></span> <span class='ocrx_word' id='word_1_274' title='bbox 1274 4175 1446 4240; x_wconf 85' lang='lat' dir='ltr'><strong>utilitatem</strong></span> <span class='ocrx_word' id='word_1_275' title='bbox 1468 4199 1525 4240; x_wconf 89' lang='lat' dir='ltr'><strong>au·</strong></span> 
     </span>
    </p>
   </div>
   <div class='ocr_carea' id='block_1_5' title="bbox 331 4423 1525 4584">
    <p class='ocr_par' dir='ltr' id='par_1_6' title="bbox 331 4423 1525 4584">
     <span class='ocr_line' id='line_1_35' title="bbox 402 4423 1525 4498; baseline 0.002 -18"><span class='ocrx_word' id='word_1_276' title='bbox 402 4425 599 4483; x_wconf 88' lang='lat' dir='ltr'><strong>lunleserlioh</strong></span> <span class='ocrx_word' id='word_1_277' title='bbox 625 4443 721 4497; x_wconf 83' lang='lat' dir='ltr'><strong>wegen</strong></span> <span class='ocrx_word' id='word_1_278' title='bbox 748 4426 824 4482; x_wconf 87' lang='lat' dir='ltr'><strong>aines</strong></span> <span class='ocrx_word' id='word_1_279' title='bbox 850 4425 936 4481; x_wconf 91' lang='lat' dir='ltr'><strong>durch</strong></span> <span class='ocrx_word' id='word_1_280' title='bbox 965 4423 1089 4481; x_wconf 89' lang='lat' dir='ltr'><strong>mehrere</strong></span> <span class='ocrx_word' id='word_1_281' title='bbox 1114 4424 1224 4482; x_wconf 74' lang='lat' dir='ltr'><strong>clatra</strong></span> <span class='ocrx_word' id='word_1_282' title='bbox 1251 4424 1395 4498; x_wconf 81' lang='lat' dir='ltr'><strong>gehenden</strong></span> <span class='ocrx_word' id='word_1_283' title='bbox 1421 4425 1525 4482; x_wconf 82' lang='lat' dir='ltr'><strong>Flecks.</strong></span> 
     </span>
     <span class='ocr_line' id='line_1_36' title="bbox 331 4513 1494 4584; baseline 0.002 -14"><span class='ocrx_word' id='word_1_284' title='bbox 331 4513 387 4570; x_wconf 86' lang='lat' dir='ltr'><strong>Das</strong></span> <span class='ocrx_word' id='word_1_285' title='bbox 407 4516 638 4571; x_wconf 85' lang='lat' dir='ltr'><strong>verschwundeue</strong></span> <span class='ocrx_word' id='word_1_286' title='bbox 655 4516 759 4571; x_wconf 88' lang='lat' dir='ltr'><strong>konnte</strong></span> <span class='ocrx_word' id='word_1_287' title='bbox 777 4519 854 4572; x_wconf 89' lang='lat' dir='ltr'><strong>sonst</strong></span> <span class='ocrx_word' id='word_1_288' title='bbox 875 4515 982 4570; x_wconf 79' lang='lat' dir='ltr'><strong>tiberall</strong></span> <span class='ocrx_word' id='word_1_289' title='bbox 1001 4515 1053 4570; x_wconf 86' lang='lat' dir='ltr'><strong>mit</strong></span> <span class='ocrx_word' id='word_1_290' title='bbox 1071 4515 1224 4570; x_wconf 88' lang='lat' dir='ltr'><strong>Sicherheit</strong></span> <span class='ocrx_word' id='word_1_291' title='bbox 1242 4518 1358 4584; x_wconf 76' lang='lat' dir='ltr'><strong>ergitnzt</strong></span> <span class='ocrx_word' id='word_1_292' title='bbox 1376 4515 1494 4572; x_wconf 86' lang='lat' dir='ltr'><strong>werden.</strong></span> 
     </span>
    </p>
   </div>
   <div class='ocr_carea' id='block_1_6' title="bbox 0 0 1758 5322">
    <p class='ocr_par' dir='ltr' id='par_1_7' title="bbox 0 0 1758 5322">
     <span class='ocr_line' id='line_1_37' title="bbox 0 0 1758 5322; baseline 0 0"><span class='ocrx_word' id='word_1_293' title='bbox 0 0 1758 5322; x_wconf 95' lang='lat' dir='ltr'><strong> </strong></span> 
     </span>
    </p>
   </div>
  </div>
 </body>
</html>
