3504 5322
319 447 383 512 428
867 444 969 499 Bursae.

319 603 425 672 inquo
440 621 544 672 magno
564 605 659 659 fauore
677 607 771 660 uestro
790 603 940 658 collocatus
959 602 1014 667 fui,
1041 602 1106 658 boni
1134 604 1276 659 consulere
1302 607 1331 659 et
1348 605 1412 659 istic
1429 605 1525 670 etiam,

318 691 447 760 quoiam
465 691 557 756 tendo,
578 709 622 746 mc
640 691 743 746 habere
764 709 814 760 pro
831 692 924 745 uestro
944 690 1046 744 uelitis.

390 778 429 832 dc
446 779 564 834 fortasse
581 782 761 848 utrorumque
780 795 794 833 e
813 795 843 833 re
861 777 989 833 discessio
1008 778 1065 832 haec
1083 779 1221 832 euentura
1238 781 1288 832 est.
1325 779 1385 848 Ego
1403 777 1523 848 quidam,

317 866 445 933 quamuis
469 867 632 921 aconuictu
659 870 688 921 et
712 883 764 919 usu
784 865 994 920 consuetudinis
1013 867 1113 920 uestrae
1132 882 1259 936 separer,
1289 867 1409 921 alienari
1427 869 1524 922 tamen

318 969 362 1006 me
380 970 398 1006 a
419 953 496 1009 uobis
514 971 603 1023 neque
626 954 737 1024 publice
764 969 852 1022 neque
877 952 1012 1023 priuatim
1037 953 1133 1023 patiar
1152 971 1253 1022 unque.
1289 953 1413 1023 Cumque
1431 957 1463 1008 ut
1480 954 1524 1008 ias

319 1041 361 1091 est
380 1038 573 1096 beneficiorum
589 1044 617 1096 et
636 1042 738 1097 amoris
757 1059 825 1110 erga
843 1058 887 1095 me
905 1041 992 1095 uestri
1005 1041 1164 1096 recordatus
1183 1041 1268 1106 fuero,
1287 1045 1426 1111 quantum
1444 1042 1523 1097 uobis

319 1125 436 1180 debeam
464 1145 553 1198 neque
582 1129 740 1183 obliuiscar.
787 1129 823 1181 Et
851 1146 913 1182 cum
931 1127 1009 1183 nullo
1027 1127 1108 1184 modo
1127 1128 1228 1198 possim
1247 1128 1358 1192 omnia,
1386 1131 1524 1198 quantum

318 1230 425 1282 quoque
445 1217 569 1286 tempore
587 1217 690 1280 licebit,
709 1215 810 1286 cupide
828 1217 995 1286 persoluam.

389 1301 501 1357 Nullius
518 1322 563 1359 me
579 1305 684 1359 iniuria
702 1304 785 1360 istinc
805 1305 917 1374 repulit,
936 1305 1003 1374 quin
1021 1304 1109 1358 etiam
1121 1304 1213 1361 fateor
1225 1305 1353 1374 ingenue,
1373 1304 1443 1358 mihi
1456 1304 1525 1373 pub·

319 1388 370 1443 lice
387 1389 450 1459 plns
469 1390 579 1447 honoris
598 1393 734 1456 habitum,
753 1411 839 1462 quam
858 1393 958 1446 mereri
968 1393 1091 1462 potuisse
1109 1392 1213 1457 uidear,
1232 1392 1357 1461 singulos
1375 1391 1462 1446 etiam
1481 1409 1525 1446 me

319 1475 446 1540 coluisse,
472 1496 534 1532 cum
557 1480 672 1548 quidam
698 1481 726 1534 et
744 1479 853 1534 iudiciis
872 1479 1032 1534 clarissimis
1057 1483 1086 1534 et
1103 1479 1277 1550 grardssimis
1295 1477 1462 1535 testimoniis
1480 1495 1525 1534 me

319 1566 453 1619 ornarent
471 1568 500 1620 et
517 1567 626 1622 eximias
646 1567 803 1622 dilectionis
822 1567 923 1622 affectu
942 1567 1080 1637 prosecuti
1092 1565 1189 1623 officiis
1202 1566 1289 1621 etiam
1302 1564 1434 1620 amicitiae
1451 1582 1525 1619 sum·

319 1667 371 1705 mae
389 1656 491 1722 praestc
510 1655 577 1709 mihi
596 1657 713 1712 fuerint.

390 1739 482 1796 Audio
500 1759 610 1811 sparsos
628 1743 713 1800 fuisse
738 1761 861 1801 rumores
885 1761 930 1800 me
954 1746 1185 1815 conspirasse
1210 1760 1285 1797 cum
1310 1740 1524 1811 quibusdam

319 1823 360 1877 ad
380 1824 648 1894 discedendum,
673 1832 755 1901 quod,
773 1832 821 1901 qui
840 1832 1066 1886 animaduertere
1085 1831 1167 1895 uolet,
1188 1848 1244 1900 qua
1264 1828 1415 1899 diligentia
1434 1845 1522 1896 quan-

319 1911 385 1966 dam
402 1913 539 1984 copiolam
563 1917 603 1972 rei
621 1918 777 1976 domesticu
796 1921 1027 1991 praeparauerim,
1052 1923 1080 1975 et
1098 1939 1160 1990 quae
1179 1921 1284 1974 damna
1303 1919 1332 1972 in
1351 1918 1406 1972 hac
1424 1933 1521 1987 repen·

320 1999 382 2054 tina
407 2001 577 2070 migratione
601 2024 646 2062 me
665 2008 755 2062 facere
773 2026 882 2064 necesse
899 2009 949 2072 sit,
976 2007 1147 2064 refutatione
1171 2024 1234 2063 mea
1258 2022 1435 2075 nequaquam
1452 2002 1526 2084 indi·

319 2103 391 2156 gere,
410 2088 515 2158 hocque
533 2094 679 2148 consilium
697 2096 789 2151 subito
812 2114 856 2152 me
874 2097 986 2166 cepisse
1003 2096 1087 2151 facile
1104 2096 1261 2166 perspiciet.

390 2173 492 2240 Quodsi
510 2183 573 2249 post
593 2183 759 2237 nonnullam
777 2183 973 2239 assiduitatem
992 2199 1083 2254 opera
1100 2182 1351 2238 fideliternauatae
1370 2179 1527 2239 Academia

318 2268 420 2320 uestras
438 2287 493 2324 non
512 2268 604 2322 censui
622 2287 667 2324 me
686 2287 719 2324 ac
736 2287 810 2325 meos
829 2269 1019 2340 negligendos,
1039 2286 1101 2323 cum
1118 2268 1205 2324 etiam
1218 2269 1334 2323 uthans
1352 2283 1447 2321 curam
1467 2283 1525 2320 sus·

318 2355 438 2425 ciperem
455 2374 511 2412 non
530 2356 637 2411 leuibus
656 2357 759 2412 caussis
783 2358 942 2428 impellerer
967 2374 1000 2411 ac
1017 2373 1060 2412 res
1077 2357 1139 2426 ipsa
1157 2375 1213 2412 non
1231 2358 1291 2410 tam
1310 2373 1422 2410 mouere
1440 2371 1524 2423 quarn

319 2459 416 2513 cogere
439 2443 594 2507 uideretur,
622 2445 734 2500 ueniam
752 2447 851 2501 datum
870 2445 904 2499 iri
920 2445 985 2499 huie
1003 2446 1078 2501 facto
1096 2461 1157 2500 meo
1175 2443 1281 2499 confido
1299 2443 1336 2498 ab
1353 2442 1401 2506 iis,
1421 2441 1469 2511 qui
1489 2441 1519 2495 in

321 2530 540 2586 consideratione
559 2531 659 2586 horum
678 2535 836 2604 temporum
854 2551 909 2588 non
928 2531 1068 2587 malitiose
1086 2532 1163 2586 facta
1176 2529 1317 2586 commode
1334 2529 1524 2599 interpretari,

319 2621 351 2671 ut
370 2635 464 2673 omncs
483 2619 568 2674 bonos
587 2619 672 2684 decet,
693 2621 843 2676 uoluerint.
880 2619 973 2690 Vulgo
991 2620 1109 2674 fortasse
1126 2619 1176 2674 alii
1196 2618 1267 2672 alias
1286 2617 1453 2686 suspiciones
1471 2617 1525 2671 col-

318 2706 416 2775 ligent.
452 2706 569 2762 Vtinam
588 2725 653 2762 uero
672 2708 801 2763 abessent
819 2707 948 2762 maximae
966 2711 994 2761 et
1013 2706 1217 2776 urgentissimas
1233 2723 1336 2760 caussa
1352 2703 1524 2758 discessionis

319 2809 394 2856 mese,
413 2810 463 2862 ego
483 2795 624 2850 uobiscum
643 2795 712 2849 mihi
731 2812 875 2851 remanere
893 2795 1005 2850 concedi
1021 2794 1150 2864 inprimis
1163 2793 1284 2848 laetarer.
1319 2791 1400 2845 Nunc
1416 2790 1446 2844 in
1465 2809 1523 2846 mo·

319 2879 403 2934 lestia
421 2882 529 2950 gaudeo
548 2884 587 2938 sic
604 2901 647 2939 me
667 2903 715 2938 uos
733 2883 896 2952 relinquere,
918 2885 950 2935 ut
963 2885 991 2937 et
1001 2883 1133 2938 uoluntas
1144 2881 1281 2951 praeclara
1294 2895 1361 2948 erga
1373 2895 1416 2931 me
1429 2879 1524 2932 nestra

320 2969 349 3020 et
369 2967 492 3022 studium
512 2969 638 3024 debitum
657 2989 674 3026 a
693 2988 737 3025 me
755 2970 835 3026 uobis
853 2971 964 3024 firmum
983 2973 1011 3024 et
1030 2969 1172 3024 immobile
1191 2967 1334 3024 consistat.

396 3055 515 3126 Reliqua
534 3059 645 3128 utrique
663 3058 861 3130 permittamus
873 3058 938 3113 Deo.
969 3057 1024 3113 Vos
1043 3057 1137 3122 uelim,
1156 3056 1179 3109 si
1196 3054 1293 3124 quain
1311 3071 1340 3107 re
1359 3068 1444 3122 opera
1461 3069 1524 3108 con-

319 3142 417 3198 silioue
434 3161 495 3200 meo
515 3149 566 3200 aut
589 3147 700 3217 publice
726 3149 776 3201 eut
802 3145 939 3217 priuatim
967 3149 1040 3200 recte
1059 3163 1155 3200 usuros
1173 3140 1355 3214 putaueritis,
1384 3141 1427 3195 ita
1446 3156 1463 3194 a
1481 3157 1525 3194 me

319 3231 414 3288 omnia
432 3237 534 3304 parata
553 3235 611 3290 fore
629 3234 789 3304 petentibus
808 3232 886 3288 uobis
904 3233 1051 3296 statuatis,
1071 3235 1103 3286 ut
1121 3249 1139 3286 a
1157 3231 1273 3285 minime
1290 3229 1405 3299 ingrato
1423 3246 1457 3283 ac
1473 3227 1525 3281 im-

320 3337 441 3376 memore
459 3323 564 3391 optime
582 3322 688 3376 meritis
707 3338 765 3376 esse
783 3321 913 3376 debeant.
949 3319 1078 3374 Vicissim
1096 3319 1130 3374 de
1145 3320 1240 3373 uestra
1252 3315 1450 3372 beneuolentia
1467 3316 1526 3386 ipse

321 3407 390 3461 mihi
409 3409 503 3464 omnia
522 3410 671 3479 policebor.

390 3496 469 3562 Quod
488 3497 597 3566 siquid
615 3499 689 3553 forte
708 3497 742 3552 de
761 3498 889 3560 absente,
918 3500 951 3551 ut
969 3499 1009 3560 fit,
1029 3497 1064 3552 ad
1083 3515 1131 3552 uos
1150 3495 1276 3550 delatum
1295 3494 1388 3556 fuerit,
1407 3511 1462 3562 quo
1480 3511 1526 3547 ue-

319 3585 409 3637 strum
426 3583 546 3652 quilibet
564 3583 666 3638 offendi
685 3603 763 3655 posse
776 3586 913 3650 uideatur,
933 3589 998 3656 peto
1017 3585 1053 3640 ab
1068 3584 1204 3638 uniuersis
1222 3587 1251 3637 et
1265 3582 1391 3652 singulis,
1411 3582 1439 3635 id
1453 3580 1527 3650 quod

322 3670 506 3739 aequissimum
534 3671 645 3726 uidetur
673 3677 702 3727 et
720 3673 793 3742 quod
812 3673 963 3744 Tragoedia
980 3673 1126 3743 sapientia
1144 3675 1314 3742 preceptum
1339 3687 1396 3725 esse
1415 3668 1469 3732 ait,
1495 3670 1527 3722 ut

320 3757 413 3812 uelitis
439 3758 526 3812 etiam
553 3759 708 3814 orationem
733 3761 904 3816 contrariam
930 3761 1026 3816 audire
1052 3763 1137 3829 atque
1161 3760 1204 3814 ita
1230 3760 1342 3813 demum
1367 3755 1528 3825 recognita

320 3845 491 3900 sententiam
515 3845 596 3902 ferre.
631 3845 707 3901 Nam
726 3863 793 3916 ego,
818 3847 841 3900 si
861 3848 928 3916 qnid
947 3847 1019 3902 forte
1037 3847 1175 3901 obiectum
1193 3844 1247 3908 sit,
1272 3845 1301 3897 iu
1321 3861 1352 3898 co
1369 3843 1420 3898 uel¹
1433 3841 1527 3896 defen-

320 3931 411 3987 dendo
429 3932 474 3987 uel
493 3933 658 3996 inficiando,
683 3933 729 3988 uel
754 3933 790 3988 ad
810 3935 964 3988 extremum
983 3933 1157 4003 deprecando
1176 3931 1387 3988 satisfacturum
1406 3947 1450 3984 me
1469 3947 1528 3985 om-

321 4018 403 4073 nibus
421 4020 534 4075 confido.
572 4021 673 4077 Valetc
692 4022 746 4076 IIII
766 4021 824 4076 Cal.
844 4021 970 4077 Octobris
989 4022 1041 4075 An.
1062 4020 1185 4074 MDXLI.
1240 4033 1242 4036 ·

1014 4109 1177 4164 Jouchimus
1198 4107 1373 4162 Camerarius
1392 4106 1458 4160 Pab.

389 4197 536 4266 Magnifieo
555 4197 587 4251 D.
606 4198 718 4255 Rectori
736 4202 765 4254 et
785 4198 908 4269 ampliss.
929 4197 1048 4252 Consilio
1063 4196 1219 4251 Academia
1236 4193 1421 4264 Tubingensis
1434 4191 1527 4246 Domi·

319 4285 362 4338 nis
381 4284 437 4338 suis
458 4285 672 4356 benignissimis.

392 4372 464 4428 sach
484 4373 542 4437 XV,
565 4375 587 4427 l.
623 4374 678 4429 Der
696 4374 877 4444 Registrator
895 4373 1022 4428 bemerkt
1041 4373 1092 4426 auf
1108 4372 1157 4426 der
1176 4371 1338 4426 Riiclrseite:
1368 4367 1527 4425 Joacbimns

329 4459 505 4516 Camerarius
524 4479 556 4516 en
574 4462 725 4532 improuiso
744 4463 781 4517 ab
799 4461 983 4516 uniuersitate
1001 4460 1125 4514 discedit.
