3460 5314
339 473 402 536 342
804 468 935 524 Facultas
954 469 1074 523 Artium.

335 633 534 699 scolasticum
564 630 666 694 faeere
698 632 877 711 presumat,
908 630 967 693 sub
999 651 1081 714 pena
1111 631 1245 695 duorum
1270 630 1444 696 solidorum
1466 629 1540 694 fisco

336 737 608 824 applicandorum,
632 733 751 798 tociens
774 733 922 816 quociens
946 733 1018 797 huic
1042 736 1433 800 contrauenerit‘statuto.

424 846 475 906 33.
515 840 596 904 Item
626 839 759 914 statuit,
795 838 877 922 quod
907 838 1027 922 singuli
1050 838 1194 904 Scolares
1225 845 1256 905 et
1279 839 1475 906 Baccalaurii
1505 839 1539 903 in

219 1017 224 1024 ,
337 947 435 1014 tercia
457 951 512 1012 aut
534 947 648 1029 quarta
669 942 822 1020 lectione,
854 943 1002 1008 similiter
1024 948 1057 1009 11
1089 946 1262 1024 exercicio,
1295 969 1328 1011 se
1351 947 1539 1014 inscribi

341 1157 504 1222 silentium
519 1158 664 1241 inponat,
686 1155 851 1220 astrictum
867 1156 1105 1240 essevolumus)
1123 1177 1259 1240 arguens
1275 1157 1432 1240 quiescere
1447 1159 1538 1234 nolit,

337 1262 550 1346 presidentem
582 1260 685 1342 ipsum
714 1263 769 1323 aut
802 1259 1045 1342 respondentem
1081 1259 1228 1344 impellat
1262 1263 1358 1344 atque
1392 1261 1540 1326 inducere

337 1370 476 1446 conetur,
501 1369 535 1430 11
557 1364 753 1449 respondeat,
778 1367 893 1429 extunc
914 1365 990 1428 talis
1014 1366 1167 1450 magister
1192 1387 1328 1451 arguens
1351 1388 1465 1450 penam
1489 1366 1539 1431 in·

267 1545 270 1550 ,
338 1474 445 1537 currat
469 1473 485 1534 l
510 1469 578 1533 flor.
1539 1476 1558 1490 '‘

424 1576 506 1640 Item
537 1575 643 1638 nullus
674 1573 900 1660 magistrorum
933 1574 967 1637 in
999 1575 1169 1639 eorundem
1201 1574 1416 1658 disputatione
1447 1577 1539 1640 alteri

337 1680 508 1765 magistro,
545 1680 600 1763 qui
632 1683 709 1744 tunc
740 1683 812 1743 actu
835 1679 960 1764 arguit,
993 1682 1049 1743 aut
1078 1683 1249 1763 antequam
1272 1685 1461 1767 argumenta
1482 1703 1542 1746 sua

338 1786 568 1852 consummauit
590 1790 684 1870 atque
701 1784 831 1868 quieuit,
856 1805 949 1848 suum
965 1789 1188 1869 argumentum
1205 1784 1347 1849 soluendi
1362 1790 1417 1850 aut
1433 1807 1540 1869 repre-

338 1891 496 1956 hendendi
520 1889 625 1954 animo
648 1911 840 1954 reassumere
862 1894 1033 1972 presumat,
1057 1912 1160 1973 neque
1181 1889 1276 1954 verba
1291 1913 1347 1954 sua
1362 1891 1462 1955 cidem
1485 1892 1540 1955 ad·

340 1996 401 2060 huc
430 1997 614 2078 interponat
644 1999 699 2059 aut
731 1994 945 2060 intermisceat
975 1995 1025 2058 111
1047 1995 1275 2080 interrumpat,
1310 1995 1424 2079 quibus
1448 1996 1541 2060 alteri

339 2124 431 2167 suum
454 2106 678 2186 argumentum
701 2101 823 2164 soluere
846 2103 986 2177 conetur,
1010 2103 1065 2163 aut
1088 2100 1202 2183 quibus
1225 2123 1314 2178 eum,
1350 2100 1541 2184 quominus

340 2205 469 2292 pacifice
500 2207 603 2288 ipsum
627 2205 776 2271 deducere
798 2209 910 2289 queat,
935 2206 1105 2289 impediat,
1139 2229 1240 2290 neque
1262 2207 1407 2271 volumus
1430 2229 1540 2291 quem·

338 2333 433 2395 quam
455 2333 511 2394 per
534 2310 593 2376 hoc
615 2311 769 2388 releuari,
801 2313 884 2395 quod
907 2311 991 2375 dicat
1014 2332 1047 2376 se
1078 2311 1197 2394 aliquid
1219 2312 1379 2376 dicturum
1404 2333 1475 2376 cum
1499 2310 1540 2375 li·

339 2416 443 2480 centia
457 2414 506 2478 vel
522 2416 762 2498 supportatione
778 2417 896 2494 decani,
913 2416 961 2480 111
979 2418 1117 2482 cuiusuis
1135 2417 1275 2494 alterius,
1299 2417 1353 2480 sed
1369 2417 1438 2501 ipso
1454 2417 1540 2480 facto

339 2520 497 2585 incurrere
528 2520 649 2603 dimidij
683 2513 795 2586 florcni
826 2543 942 2605 penam
971 2522 1038 2586 sine
1067 2521 1174 2607 gracia
1205 2523 1279 2586 fisco
1302 2521 1361 2585 fac.
1387 2519 1539 2586 soluendi.

426 2624 506 2688 Item
531 2625 709 2710 magistris,
742 2626 796 2708 qui
819 2630 960 2709 tempore
982 2626 1206 2710 disputationis
1229 2626 1386 2691 ordinarie
1409 2625 1541 2689 suntin

339 2731 484 2794 examine
507 2734 563 2793 aut
584 2729 812 2814 temptamine,
842 2731 870 2794 si
899 2731 977 2794 alias
1002 2731 1225 2796 consueuerint
1246 2731 1374 2794 visitare
1397 2731 1541 2815 disputa-

340 2834 453 2914 tiones,
478 2834 571 2899 debet
593 2835 662 2899 dari
683 2836 835 2919 pecunia,
861 2857 921 2920 quc
943 2837 1106 2922 magistris
1129 2836 1336 2921 arguentibus
1359 2836 1428 2902 dari
1451 2836 1540 2901 solet.

338 3006 396 3073 De
425 3008 579 3075 officio
612 3009 768 3075 Decani
797 3011 840 3074 in
872 3010 1176 3093 disputatione
1197 2983 1433 3096 'ordinaria
1465 3033 1540 3074 ma-

580 3115 830 3200 gistrorum
852 3118 894 3198 et
917 3115 1294 3181 baccalaureorum.

424 3252 612 3318 Decanus
637 3255 669 3318 in
693 3253 822 3337 propria
844 3274 978 3336 persona
993 3253 1260 3337 disputationibus
1282 3258 1349 3318 tam
1371 3255 1541 3339 magistru-

341 3382 411 3424 rum
435 3380 530 3442 quam
553 3358 826 3424 baccalaureorum
843 3380 972 3444 presens
987 3359 1030 3423 sit
1053 3382 1071 3423 a
1088 3360 1244 3444 principio
1259 3381 1357 3444 usque
1373 3359 1411 3424 ad
1434 3359 1540 3423 finem.

339 3464 427 3540 Quod
460 3464 487 3528 si
511 3464 676 3549 negligens
698 3464 812 3542 fuerit,
843 3485 900 3547 per
921 3463 1105 3528 facultatem
1128 3465 1352 3541 admoneatur,
1382 3463 1541 3527 1111111-

342 3569 482 3634 monitus
506 3591 539 3632 se
562 3590 626 3631 non
650 3571 874 3644 emendauerit,
897 3569 1008 3655 sedin
1030 3592 1087 3633 sua
1102 3569 1298 3654 negligentia
1321 3589 1541 3652 perseueraue-

342 3675 395 3752 rit,
422 3673 555 3738 facultas
578 3695 649 3737 eum
673 3674 762 3736 iuxta
783 3693 925 3736 excessus
948 3673 1134 3755 qualitatem
1150 3675 1263 3757 punIre
1285 3677 1341 3738 aut
1363 3672 1461 3736 alium
1484 3670 1541 3736 eli·

341 3801 415 3864 gere
437 3783 590 3844 teneatur.

427 3881 507 3948 Item
538 3884 565 3947 si
597 3905 824 3967 nonnunquam
854 3882 1071 3967 contingeret,
1102 3882 1186 3964 quod
1217 3881 1351 3945 decanus
1383 3901 1420 3943 ex
1449 3901 1542 3944 causa

340 3988 484 4074 legitima
505 3988 539 4051 in
562 4009 697 4072 persona
720 3989 848 4072 propria
869 3987 924 4051 1111
945 3987 994 4051 111
1027 3987 1171 4070 pluribus
1202 3984 1468 4069 disputationibus
1491 3983 1542 4047 iu·

341 4095 456 4157 teresse
478 4114 542 4156 non
560 4098 674 4178 posset,
699 4097 887 4158 tunevuum
904 4093 1013 4169 alium,
1037 4090 1285 4156 decousilio
1307 4087 1541 4153 facultatis

341 4199 530 4263 existentem
551 4200 734 4276 substituat,
759 4199 813 4284 qui
831 4199 939 4262 omnia
958 4219 1003 4272 ea,
1027 4219 1088 4279 que
1110 4198 1215 4280 ipsum
1239 4195 1391 4259 decanum
1413 4195 1446 4256 in
1471 4197 1542 4256 actu

341 4303 571 4387 disputationis
588 4309 791 4382 concernunt,
815 4305 985 4389 diligenter
1007 4302 1112 4380 faciat,
1136 4303 1195 4367 sub
1218 4300 1323 4366 eodem
1349 4297 1456 4362 debito
1480 4318 1542 4380 quo

341 4409 485 4473 decanus.

429 4510 510 4576 Item
533 4513 667 4578 decanus
689 4514 723 4577 in
747 4512 961 4597 dispututIone
984 4513 1073 4577 nulla
1095 4512 1216 4576 soluere
1233 4509 1326 4575 debet
1341 4511 1541 4596 argumenta,
