3460 5314
704 463 820 518 sucula
841 465 915 522 1495.

881 623 1008 692 Rectori
1032 625 1132 691 XIIII
1153 633 1185 713 β.

879 727 1013 796 (lancell.
1039 731 1056 795 Ι
1077 730 1145 797 flor.

879 834 953 898 fisco
977 833 1073 900 Vniu.
1098 833 1115 899 I
1136 837 1204 902 flor.

880 937 955 1002 fisco
977 938 1035 1002 lac.
1062 939 1112 1004 III
1133 939 1201 1006 flor.

881 1063 940 1124 pro
964 1044 1107 1108 examine
1129 1043 1195 1110 VII
1219 1046 1286 1110 flor.

553 1130 591 1196 In
615 1129 716 1196 &stem
732 1133 858 1194 lantum
882 1147 1116 1230 promotcribus
1148 1172 1206 1234 pro
1227 1150 1402 1216 kathedral.

904 1248 973 1316 IIII
995 1252 1026 1316 fl.

882 1353 1002 1420 duobus
1026 1363 1232 1442 couipromot.
1257 1359 1291 1424 II
1312 1361 1380 1426 llor.

883 1459 1014 1542 pedellis
1037 1462 1070 1526 ΙΙ
1093 1464 1161 1542 flor,

882 1565 1051 1646 prandium
1077 1568 1197 1634 birrcta
1222 1568 1403 1654 cyrothecas
1480 1641 1486 1652 ,

203 1678 425 1749 Doctorandus
448 1705 513 1748 non
902 1673 938 1733 Vl
959 1692 1062 1755 supr&

273 1787 453 1854 licentiatus
883 1774 1011 1840 ltcctori
1033 1775 1132 1842 XIIII
1154 1781 1186 1862 β.

883 1877 1019 1945 Cancell.
1042 1879 1068 1944 Ι.
1091 1881 1159 1947 llor.

882 1984 956 2049 fisco
979 1983 1075 2049 Vniu.
1101 1985 1205 2050 Iflor.

882 2089 955 2154 fisco
979 2088 1036 2154 tac.
1060 2087 1108 2153 VI
1123 2087 1190 2153 flor.

883 2214 941 2276 pro
964 2214 1063 2257 exam.
1087 2191 1187 2280 XIIII
1209 2191 1277 2256 flor.

882 2297 1115 2381 promotoribus
1131 2297 1252 2362 duobus
1266 2318 1324 2381 pro
1346 2297 1402 2362 ka·

901 2400 1005 2465 thedr.
1029 2401 1098 2467 IIII
1120 2403 1188 2467 flor.
1426 2401 1432 2412 ’

881 2527 1015 2589 quorum
1046 2510 1251 2592 compromot.
1275 2505 1344 2572 ΠΠ
1368 2508 1400 2572 fl.

881 2609 1011 2694 pedellie
1034 2610 1086 2677 III
1108 2612 1175 2678 flor.

880 2714 1050 2799 prandium
1072 2716 1193 2782 birrcta
1221 2715 1402 2803 cyrothecas

904 2823 1067 2904 utsupra.

288 2941 464 3007 Statuiinus
487 2941 572 3026 quod
601 2941 629 3006 si
660 2942 738 3008 duo
762 2943 858 3007 simul
888 2943 1099 3008 admittantur
1121 2943 1160 3007 ad
1183 2943 1401 3008 licentiam

207 3047 342 3132 quilibet
370 3045 474 3110 soluat
504 3050 539 3110 vt
571 3069 668 3132 supra
697 3047 735 3112 da
764 3047 928 3113 licentiato
951 3048 1109 3132 reperitur
1132 3069 1322 3132 expressum.
1367 3046 1401 3114 si

201 3172 276 3218 vero
299 3150 379 3215 duo
403 3149 613 3215 admittantur
643 3153 681 3217 ad
704 3153 906 3236 suscipienda
927 3153 1122 3239 insignia
1144 3154 1323 3231 doctoralia,
1346 3175 1401 3218 cx·

200 3259 278 3320 tunc
300 3253 327 3317 ai
349 3253 436 3337 prius
460 3253 580 3318 fuerint
603 3255 778 3333 licentiati,
810 3255 945 3338 quilibet
966 3257 1070 3321 soluat
1093 3261 1127 3322 vt
1149 3280 1246 3342 supra
1267 3258 1305 3321 dc
1328 3257 1401 3321 doc·

199 3358 334 3424 tonando
355 3357 511 3441 reperitur
533 3357 585 3424 Sic
608 3363 714 3424 tamen
738 3359 821 3442 quod
845 3359 975 3424 cuilibet
997 3359 1117 3426 doctori
1138 3361 1300 3426 facultatis
1322 3361 1400 3425 iuri-

199 3464 266 3529 dIoc
289 3462 412 3548 regenti
435 3463 554 3528 addant
576 3466 615 3529 ad
637 3464 793 3528 birretum
816 3486 914 3528 vnum
943 3465 1107 3530 florenum.
1153 3464 1242 3540 Quod
1265 3466 1292 3531 si
1312 3465 1400 3549 priua

200 3589 267 3633 non
290 3567 411 3632 fuerint
441 3567 613 3647 licentiatI,
645 3569 779 3654 quilibet
802 3592 911 3636 corum
934 3571 1036 3637 soluat
1059 3575 1093 3634 vt
1115 3593 1211 3656 supra
1233 3571 1271 3636 de
1294 3571 1400 3635 docto·

206 3673 306 3739 raudo
327 3694 392 3737 non
415 3672 577 3738 licentiato
600 3672 779 3738 [tatamen
813 3678 848 3739 vt
871 3673 1001 3740 cuilibet
1021 3675 1142 3742 doctori
1166 3674 1326 3741 facultatis
1349 3695 1399 3740 re·

202 3778 291 3864 genti
314 3777 527 3861 superaddant
550 3778 588 3842 ad
612 3778 767 3844 birratum
789 3780 867 3844 duos
889 3780 1048 3846 florenos.v

285 3883 478 3961 StatuimuS‚
510 3882 593 3965 quod
616 3881 927 3950 Baccalaurcua
956 3884 1024 3950 hic
1046 3887 1261 3969 promotus
1291 3887 1399 3970 postca

197 3989 237 4054 ad
259 3989 421 4054 licentiam
450 3989 482 4051 in
514 3992 647 4071 utroque
679 3989 836 4054 duntaxat
866 3989 1027 4055 duodecim
1058 3990 1193 4055 florenos
1215 3988 1319 4056 soluat
1339 4011 1398 4074 pro

196 4094 340 4159 examine
362 4092 506 4176 publico,
537 4093 619 4157 Itcm
641 4095 668 4159 si
699 4095 760 4160 duo
784 4097 879 4160 simul
903 4099 1150 4180 promoucantur
1173 4094 1212 4159 ad
1233 4096 1397 4160 baccalau-

195 4201 328 4276 ratum,
352 4196 434 4280 quod
456 4201 534 4262 tunc
557 4197 640 4262 vltra
664 4220 816 4284 expensas
848 4223 943 4285 supra
966 4201 1108 4286 signatas
1131 4200 1346 4285 prouidebuut
1367 4203 1399 4264 et

195 4302 412 4387 expenaabunt
435 4302 468 4366 in
492 4303 625 4388 prandio
657 4325 765 4370 omncs
796 4306 938 4371 doctores
960 4308 998 4371 de
1027 4305 1159 4371 consilio
1181 4305 1398 4371 uniuersitatis

196 4429 261 4472 vna
283 4428 352 4472 cum
376 4404 570 4473 Cancellario
595 4409 726 4495 pcdcllia
749 4413 781 4474 et
803 4412 947 4490 notario,
970 4433 1078 4477 omncs
1102 4411 1295 4496 collegiatoa
1320 4410 1397 4476 duos

198 4515 335 4580 rectores
347 4511 560 4580 Conuentores
576 4519 608 4584 et
623 4515 699 4582 duos
717 4516 854 4584 seniores
868 4517 1038 4608 magistros
1057 4521 1145 4586 extra
1160 4514 1328 4584 consilium
1349 4515 1398 4582 fa·
