3462 5314
381 469 445 531 542
940 463 1024 520 1408.

465 674 504 736 15
527 677 685 737 55555515
709 673 818 737 eximii
841 673 901 738 viri
917 672 959 736 M.
984 672 1118 737 Annnnn
1142 673 1327 741 Tnusunnun
1340 676 1381 741 de
1403 677 1519 743 Osswil
1541 678 1588 742 U.

378 779 408 844 J.
432 778 470 843 D.
496 800 514 840 5
536 777 620 841 Luce
641 799 687 841 er.
712 799 739 840 a.
766 780 849 840 1488
874 798 971 858 usque
994 776 1033 840 ad
1055 775 1138 841 Phil.
1172 784 1204 842 et
1226 778 1291 844 Jee.
1316 783 1478 865 sequentis
1501 784 1583 846 unni

378 883 537 948 intitulati
562 887 637 946 sunt
659 886 837 966 sequentes.

404 1048 430 1106 1.
456 1041 569 1106 Petrus
592 1040 691 1105 05511
714 1040 752 1104 de
774 1040 913 1126 Mengeu
938 1040 1084 1105 vicesima
1107 1041 1176 1106 001.

404 1151 433 1210 2.
457 1146 630 1210 Balthszar
652 1144 813 1210 Sulinman
837 1168 875 1209 ex
898 1144 1081 1228 Hailprunn
1105 1152 1144 1210 28
1168 1145 1238 1212 Oet.

403 1255 431 1314 3.
457 1249 507 1314 Jo.
533 1251 672 1315 Anbend
695 1250 733 1314 de
755 1249 903 1333 Thurego
927 1253 967 1313 27
992 1247 1061 1314 001.

405 1361 436 1420 4.
458 1355 646 1438 Rudolphus
668 1354 892 1440 sigismundus
916 1358 956 1417 28
979 1351 1049 1417 Oet.

400 1464 428 1524 5.
453 1458 569 1523 Paulus
593 1456 791 1541 Carpentarii
814 1459 853 1522 de
875 1456 1092 1522 Waltenbueh
1115 1456 1171 1522 vlt.
1196 1459 1246 1522 die
1270 1457 1340 1524 Oct.

405 1569 433 1628 5.
458 1563 584 1628 Marcus
607 1561 788 1648 Pfullinger
811 1585 850 1627 ex
873 1562 1079 1628 Schorndorff
1102 1567 1116 1626 l
1141 1561 1224 1627 Nou.

401 1675 429 1732 1.
453 1668 612 1732 Martinus
636 1667 766 1732 Trunnk
788 1667 826 1731 de
847 1666 1057 1752 Waiblingen
1083 1671 1098 1730 l
1123 1666 1208 1732 Nou.

400 1778 431 1838 8.
455 1772 588 1837 Georius
610 1771 718 1857 Meyer
742 1771 780 1835 de
802 1772 951 1837 Censtatt
975 1779 993 1836 5
1017 1769 1101 1836 Nou.

400 1884 429 1943 9.
455 1878 640 1943 Gebhardus
663 1875 892 1960 Gundelfinger
915 1877 953 1940 de
976 1875 1090 1962 Hagen
1116 1880 1133 1939 1
1157 1875 1240 1941 Nou.

381 1988 429 2047 10.
455 1982 636 2048 Jeronimus
660 1981 792 2047 Sculteti
817 1979 1041 2064 (Schulthaiss)
1065 2003 1102 2046 ex
1127 1980 1315 2067 Gruningen
1343 1989 1381 2048 13
1405 1983 1489 2048 Nou.

381 2094 429 2152 11.
454 2089 655 2173 Augustinus
679 2086 824 2151 Braizler
847 2086 885 2150 de
908 2085 1014 2150 Hsllis
1039 2092 1077 2150 11
1101 2087 1183 2153 Nou.

382 2198 431 2259 12.
454 2193 598 2258 Andreas
622 2191 700 2257 Goss
724 2192 762 2256 de
785 2190 979 2278 Geriringen
1004 2193 1151 2257 vicesima
1174 2191 1256 2257 Nou.

381 2305 430 2362 13.
454 2298 594 2363 Joannes
617 2296 743 2361 Hsiden
767 2297 805 2360 de
828 2297 1027 2382 Thuwingen
1051 2301 1092 2362 23
1115 2297 1199 2362 Nou.

383 2410 431 2468 14.
456 2403 600 2468 Andreas
624 2401 759 2466 Pistoris
782 2424 820 2465 ex
843 2401 1024 2486 Kirehperg
1047 2405 1087 2465 26
1111 2401 1194 2466 Nou.

381 2513 429 2572 15.
455 2506 524 2572 Joa.
541 2506 743 2571 Zerrenweek
768 2505 940 2590 (Zerweek)
963 2527 1000 2571 ex
1024 2506 1176 2592 Marpseh
1199 2507 1282 2570 baec.
1307 2507 1442 2591 friburg.
1470 2505 1588 2570 1Dec.

383 2616 431 2676 16.
456 2611 576 2698 Symon
600 2596 698 2696 Oglin
721 2609 759 2674 de
782 2609 981 2696 Thuwingen
1009 2615 1027 2674 2
1052 2611 1125 2676 Dec.

382 2723 430 2781 11.
454 2716 616 2781 Erhurdus
636 2699 736 2800 Oglin
760 2715 797 2780 de
820 2715 1020 2802 Thuwingen
1044 2716 1109 2782 eud.
1135 2717 1196 2781 die.

383 2826 431 2886 18.
455 2820 679 2906 Wolffgengus
701 2819 951 2903 Sperwerseeker
975 2820 1027 2904 (de
1049 2821 1101 2908 Sp.
1126 2821 1268 2907 Nobilis)
1293 2827 1310 2885 5
1335 2820 1408 2885 Dec.

382 2931 431 2992 19.
454 2924 646 2990 Albreehhus
669 2923 759 2988 Krell
783 2926 848 2989 end.
874 2926 935 2990 die.

380 3036 430 3095 20.
455 3029 572 3094 Paulus
595 3029 753 3093 Probsnht
776 3029 918 3114 (Probst)
942 3052 979 3094 ex
1002 3030 1188 3096 Pforizhein
1214 3035 1251 3094 11
1276 3028 1350 3093 Dee.

382 3140 434 3199 21.
457 3135 569 3200 Thom.
586 3133 728 3199 Brunner
745 3156 783 3198 ex
795 3133 979 3220 Bingingen
992 3134 1185 3220 (Lauingen)
1202 3135 1286 3199 bace.
1304 3133 1431 3218 ingelst.
1450 3137 1490 3196 24
1504 3131 1591 3197 Dec.

380 3247 431 3304 22.
454 3240 506 3305 Fr.
531 3240 732 3325 Augustinus
756 3239 875 3323 Luppff
903 3239 1018 3323 (Lufft)
1052 3262 1090 3303 ex
1113 3239 1327 3323 Heidelberga
1349 3238 1416 3302 ord.
1440 3235 1471 3302 S.
1495 3237 1593 3324 Aug.
1706 3287 1707 3316 .

458 3347 499 3409 30
522 3343 595 3408 Jan.
1705 3377 1706 3386 ¹

381 3454 431 3514 23.
457 3448 618 3513 Conrsdus
642 3448 796 3534 Kussling
819 3451 857 3515 de
880 3449 1055 3516 Messkirch
1080 3454 1119 3513 22
1144 3450 1217 3515 Dec.

379 3667 429 3727 24.
454 3659 590 3726 Jaeobus
614 3658 708 3723 Fabri
732 3657 769 3723 de
791 3657 1008 3744 Sindelfingen
1033 3664 1051 3724 6
1076 3661 1126 3725 die
1151 3659 1240 3724 Febr.

379 3773 430 3834 25.
455 3766 559 3831 Adam
584 3763 695 3828 Kaiser
722 3765 762 3828 15
786 3763 879 3829 Febr.

379 3878 429 3938 26.
455 3870 573 3954 Caspar
597 3868 716 3933 Geuser
743 3874 780 3933 11
805 3869 895 3934 Febr.

381 3983 431 4043 21.
457 3975 638 4041 Jeronimus
661 3975 765 4040 Tiiber
790 3979 829 4038 18
854 3975 945 4039 Febr.

379 4089 429 4148 ns.
453 4081 645 4146 wilhelmus
669 4080 818 4146 warner
841 4080 885 4145 u.
910 4081 1044 4146 neuen.
1072 4043 1226 4148 usur.

379 4201 586 4213 ....-—..--.

450 4257 472 4309 1.
492 4255 528 4307 M.
547 4253 580 4307 A.
602 4254 677 4310 1501.
702 4287 724 4293 -
749 4255 773 4307 2.
794 4253 917 4308 Bulth.
936 4253 1186 4308 Buldermenn
1205 4254 1271 4308 Mu.
1293 4285 1324 4294 --
1347 4255 1387 4307 12.
1406 4252 1491 4308 M.A.
1509 4258 1601 4312 1501.

378 4374 411 4383 -
432 4345 472 4398 15.
491 4342 528 4396 Μ.
543 4340 576 4394 A.
597 4343 671 4405 1500,
691 4341 795 4396 Lehrer
813 4341 843 4394 in
852 4341 1033 4410 Wittenberg
1046 4345 1077 4395 15
1098 4344 1122 4396 2.
1143 4375 1173 4382 -
1197 4343 1235 4396 18.
1255 4341 1307 4396 551
1316 4340 1602 4414 SchlossTiibingen

379 4431 455 4485 1519.
475 4461 508 4470 -
527 4431 569 4484 21.
588 4427 626 4482 M.
644 4429 676 4482 Δ.
703 4429 779 4483 1490.
799 4457 831 4467 -
851 4430 894 4482 22.
919 4427 970 4482 Th.
989 4428 1021 4482 D.
1048 4432 1123 4485 1510.
1145 4461 1176 4470 -
1196 4432 1237 4485 28.
1257 4428 1424 4484 Procurator
1444 4429 1537 4486 Univ.
1565 4434 1602 4490 in

377 4517 506 4587 Eningen
528 4519 602 4572 1532.
