3442 5314
327 425 367 490 10
569 422 594 475 3.
619 418 780 486 Quittonoia
797 433 879 489 super
896 418 1034 474 erectione
1050 417 1144 472 studii.
1170 415 1234 472 Dec.
1247 418 1322 475 1476.

324 581 403 652 dung
428 579 481 634 mit
506 578 569 632 dem
588 576 678 632 Sohnc
705 574 831 630 dadurch
858 577 944 630 etwas
963 593 996 628 66
1014 575 1090 632 Η1116
1108 593 1143 628 66
1165 575 1311 640 kommen,
1339 576 1403 632 dass
1421 594 1461 630 ne
1479 573 1530 630 das

326 667 437 721 Kloster
461 665 519 719 und
543 664 617 718 scine
636 663 723 717 (111166
749 662 864 716 freiten:
894 663 940 715 fur
964 663 1021 718 allc
1039 661 1204 719 Frondienst
1223 663 1276 716 mit
1294 664 1404 734 Witgen
1422 663 1532 718 Karreu

325 755 391 810 oder
410 753 542 815 66616666,
568 751 681 820 Atznng
698 750 787 820 Leger
805 749 889 802 Huud
916 749 974 802 und
992 749 1152 820 cherlrost,
1180 749 1247 804 Bett
1274 750 1370 820 [Bede]
1389 750 1446 804 und
1465 749 1531 804 scm

324 839 382 894 und
401 840 458 894 alle
475 840 562 893 ander
580 836 747 908 Utlsatzung
765 837 822 891 und
842 837 1013 904 Bessorum,
1033 837 1125 893 Urach
1146 840 1168 894 1.
1187 839 1298 910 August
1317 838 1393 894 1476.
1425 838 1531 896 Sattlcr

324 927 370 981 Gr.
390 925 413 980 3.
433 926 500 981 Beil.
524 929 566 982 70.

910 1143 943 1210 3.

422 1332 638 1418 Quittancia
669 1353 778 1426 super
806 1332 991 1404 erectione
1019 1330 1151 1404 Stadii.
1195 1333 1279 1406 Dec.
1316 1337 1424 1409 1176.

411 1525 584 1591 Usrvausrs
615 1528 784 1610 praesentes
813 1526 921 1590 literas
953 1526 1142 1610 inspecturis
1171 1524 1297 1592 Panans
1334 1528 1371 1592 de
1400 1527 1530 1594 Aranda

325 1630 487 1714 Vtriusque
520 1630 598 1696 iuris
627 1632 735 1696 doctor
757 1631 938 1715 apostolicae
960 1632 1043 1695 sedis
1072 1629 1332 1714 prothonotarius
1355 1637 1387 1698 et
1409 1655 1530 1698 camere

325 1736 514 1822 apostolieae
535 1737 666 1801 clericus
689 1758 725 1800 66
747 1736 937 1800 sanctissimi
961 1736 1082 1801 domini
1097 1737 1198 1801 nostri
1222 1759 1312 1821 papae
1335 1738 1528 1804 vicethesau-

326 1843 427 1908 rarius
449 1842 605 1927 generalis
629 1840 769 1906 Salutem
802 1841 835 1904 in
865 1841 1003 1906 domino.
1050 1839 1261 1906 Vniuersitati
1284 1845 1395 1906 vestrae
1417 1846 1528 1907 uoturn

326 1947 458 2012 facimus
481 1970 537 2033 per
560 1951 730 2031 presentes,
755 1946 838 2030 quod
855 1946 1041 2012 venerabilis
1057 1946 1202 2010 dominus
1218 1946 1418 2012 Burchcrdus
1431 1946 1529 2032 Bagra

326 2051 457 2116 clericus
480 2051 738 2132 Constanciensis-
757 2051 790 2114 in
815 2052 946 2116 decretis
970 2051 1168 2116 Baccalarius
1198 2057 1231 2118 61
1256 2053 1375 2118 domini
1398 2051 1528 2117 Comitis

326 2156 363 2221 de
395 2155 593 2244 Vertenberg
623 2157 810 2242 Capelianus
841 2157 971 2222 nomine
1000 2157 1144 2222 Rectoris
1175 2156 1402 2242 Megistrcrum
1425 2157 1528 2224 Studii

326 2262 481 2346 generalis
512 2263 546 2326 in
568 2263 684 2347 oppido
707 2264 875 2350 Tubingen
907 2263 1013 2328 06661.
1047 2264 1124 2328 dioc.
1158 2263 1283 2328 nouiter
1306 2263 1447 2348 erigendi
1471 2283 1528 2347 pro

326 2367 553 2450 compositione
575 2369 746 2434 solutionis
769 2371 893 2454 integre
925 2373 1050 2434 annatoe
1072 2390 1126 2434 seu
1149 2368 1311 2432 fructuum
1333 2367 1428 2450 primi
1450 2367 1529 2432 anni

324 2469 557 2536 Parochialinm
580 2474 782 2540 ecclesiarum
804 2476 905 2540 sancti
927 2474 1084 2538 Johannis
1108 2473 1265 2558 baptistae
1289 2474 1322 2538 in
1339 2472 1527 2538 Brakenhen

325 2579 357 2639 et
378 2597 419 2640 ss.
443 2575 586 2661 Philippi
608 2582 640 2643 61
658 2579 769 2644 Jacobi
792 2580 825 2644 in
848 2579 982 2658 stetten,
1007 2601 1044 2644 ac
1065 2579 1098 2643 in
1122 2577 1218 2654 Asch‚
1242 2576 1375 2642 Necnon
1398 2578 1432 2642 in
1446 2577 1527 2642 ltin·

326 2681 445 2765 gingen
470 2684 501 2746 et
524 2682 558 2746 in
574 2681 722 2769 liningen
737 2684 982 2750 Wormaciensis
1005 2687 1037 2750 ct
1059 2684 1159 2750 dictae
1174 2681 1427 2748 Constanciensis
1449 2683 1526 2748 dioc.

326 2807 383 2869 per
405 2807 527 2851 cessum
550 2787 598 2852 vel
622 2788 780 2854 decessum
809 2794 1025 2854 vacaturarurn
1049 2789 1248 2854 uniuersiteti
1274 2789 1409 2872 praefati
1431 2789 1529 2854 studii

326 2889 483 2973 generalis
500 2891 642 2976 erigendi
657 2894 873 2959 vniendarum.
914 2894 1044 2960 Necnon
1055 2893 1304 2960 Canonieatuum
1319 2898 1351 2957 et
1375 2893 1528 2978 praeben-

326 2993 437 3058 darum
459 2995 595 3060 ecclesiae
617 2996 647 3062 S.
665 2998 794 3084 Georgii
816 2999 968 3082 praedicti
990 2999 1099 3084 oppidi
1122 2999 1291 3083 Tubingen
1315 2999 1349 3062 in
1372 2997 1528 3083 Collegiu-

325 3102 391 3162 tum
403 3097 574 3164 Ecclesiam
598 3104 723 3167 nouiter
745 3103 912 3188 erigendae
934 3105 1207 3190 assignandorum‚
1231 3125 1287 3188 per
1310 3103 1534 3187 praesentatio·¹

325 3225 398 3267 nem
420 3206 544 3288 praet'ati
560 3205 680 3271 domini
695 3207 826 3273 Comitis
847 3209 884 3274 de
900 3209 1098 3296 Verteaberg
1117 3210 1295 3274 doctoribus
1312 3212 1343 3272 et
1366 3209 1527 3294 magistris

326 3305 359 3372 in
384 3309 467 3374 dicta
489 3312 695 3377 uniuersitate
717 3313 901 3380 Lectoribus
931 3314 1068 3392 futuris,
1102 3314 1136 3378 in
1168 3313 1282 3398 quibus
1315 3313 1527 3398 nomineque

326 3436 421 3497 supra
452 3415 535 3480 idem
558 3417 704 3482 dominus
729 3419 930 3484 Burchardus
963 3425 1029 3484 erat
1060 3418 1247 3484 1611661666
1272 3419 1453 3504 apostolica,
1476 3440 1527 3484 ra·

324 3517 464 3582 tionibus
487 3521 644 3603 praedictis
667 3523 725 3586 sub
748 3525 841 3588 certis
865 3525 1034 3589 sententiis
1050 3525 1189 3589 censuris
1206 3527 1238 3586 et
1253 3523 1342 3607 penis
1359 3521 1527 3587 efficaciter

325 3622 484 3708 obligatus
507 3624 640 3690 florenos
663 3627 732 3690 auri
756 3627 793 3690 de
808 3627 938 3691 Camena
960 3633 1086 3692 centum
1109 3630 1140 3690 61
1162 3627 1324 3692 duodecim
1340 3647 1375 3690 ac
1390 3627 1527 3690 medium

325 3727 509 3792 Reuerendo
532 3729 566 3792 in
589 3729 714 3796 Christo
736 3735 826 3815 patre
849 3731 975 3796 domino
1000 3732 1037 3796 B.
1081 3731 1237 3818 Episcopo
1259 3731 1528 3796 Ciuitatiscastelli

325 3836 356 3896 61
380 3833 507 3897 domino
530 3833 625 3899 Melia
648 3836 725 3900 (1666
748 3834 853 3900 Cicala
875 3838 1080 3922 pecuniarum
1104 3837 1241 3902 Gamerae
1272 3838 1452 3920 apostolicae
1474 3837 1527 3901 de-

325 3939 486 4023 positoriis
522 3961 580 4024 pro
619 3941 690 4024 ipsa
721 3939 851 4006 Camere
884 3943 1110 4026 recipientibus
1138 3943 1188 4010 die
1217 3943 1283 4008 dati
1315 3943 1527 4026 praesentium,

324 4047 465 4128 tempore
488 4045 611 4122 debito,
640 4067 697 4129 per
718 4067 831 4110 manus
854 4047 998 4132 proprias
1021 4048 1118 4111 soluit
1139 4048 1266 4111 realiter
1288 4051 1321 4111 et
1342 4069 1413 4111 eum
1437 4049 1527 4111 effec-

324 4151 392 4212 tum
410 4149 496 4232 [sic].
532 4149 579 4213 De
596 4150 710 4233 quibus
726 4152 852 4236 quidem
868 4153 934 4217 flor.
956 4152 1045 4217 CXII
1056 4170 1082 4218 ÷
1097 4153 1179 4216 sicut
1194 4154 1400 4238 praemittitur
1415 4153 1527 4217 solutis

325 4253 464 4338 prefatos
496 4255 658 4319 dominum
690 4255 907 4324 Burchardum
939 4262 971 4322 61
1004 4258 1143 4322 futuram
1179 4259 1417 4322 uniuersitatem
1451 4257 1529 4322 dicti

325 4358 422 4422 studii
445 4381 614 4443 corumque
636 4361 765 4426 heredes
788 4365 820 4424 et
842 4383 1034 4426 successores
1057 4365 1210 4428 eteorum
1228 4364 1312 4428 bona
1334 4383 1528 4447 quaecnnque

325 4463 494 4552 praesentia
516 4467 548 4530 et
571 4464 696 4546 futura,
729 4471 838 4531 tenore
859 4468 1063 4552 praesentium
1086 4468 1260 4554 quittamus
1283 4468 1475 4532 absoluimus
1496 4469 1528 4538 et
