<?xml version="1.0" encoding="UTF-8"?>
<!DOCTYPE html PUBLIC "-//W3C//DTD XHTML 1.0 Transitional//EN"
    "http://www.w3.org/TR/xhtml1/DTD/xhtml1-transitional.dtd">
<html xmlns="http://www.w3.org/1999/xhtml" xml:lang="en" lang="en">
 <head>
  <title>
</title>
<meta http-equiv="Content-Type" content="text/html;charset=utf-8" />
  <meta name='ocr-system' content='tesseract 3.04.00' />
  <meta name='ocr-capabilities' content='ocr_page ocr_carea ocr_par ocr_line ocrx_word'/>
</head>
<body>
  <div class='ocr_page' id='page_1' title='image "./urkundenzurgesc00tbgoog_0474.png"; bbox 0 0 3504 5322; ppageno 0'>
   <div class='ocr_carea' id='block_1_1' title="bbox 347 1385 1554 2632">
    <p class='ocr_par' dir='ltr' id='par_1_1' title="bbox 347 1385 1554 2632">
     <span class='ocr_line' id='line_1_1' title="bbox 440 1385 1551 1478; baseline -0.001 -19"><span class='ocrx_word' id='word_1_1' title='bbox 440 1393 637 1478; x_wconf 88' lang='lat' dir='ltr'><strong>Prospiciens</strong></span> <span class='ocrx_word' id='word_1_2' title='bbox 660 1390 697 1454; x_wconf 88' lang='lat' dir='ltr'><strong>de</strong></span> <span class='ocrx_word' id='word_1_3' title='bbox 720 1409 845 1453; x_wconf 89' lang='lat' dir='ltr'><strong>sursum</strong></span> <span class='ocrx_word' id='word_1_4' title='bbox 860 1385 1055 1466; x_wconf 65' lang='lat' dir='ltr'><strong>altissimus,</strong></span> <span class='ocrx_word' id='word_1_5' title='bbox 1079 1393 1114 1453; x_wconf 85' lang='lat' dir='ltr'><strong>vt</strong></span> <span class='ocrx_word' id='word_1_6' title='bbox 1135 1410 1210 1474; x_wconf 89' lang='lat' dir='ltr'><strong>yma</strong></span> <span class='ocrx_word' id='word_1_7' title='bbox 1225 1390 1347 1474; x_wconf 89' lang='lat' dir='ltr'><strong>superis</strong></span> <span class='ocrx_word' id='word_1_8' title='bbox 1370 1395 1402 1456; x_wconf 89' lang='lat' dir='ltr'><strong>et</strong></span> <span class='ocrx_word' id='word_1_9' title='bbox 1424 1396 1551 1458; x_wconf 89' lang='lat' dir='ltr'><strong>terrena</strong></span> 
     </span>
     <span class='ocr_line' id='line_1_2' title="bbox 347 1493 1553 1587; baseline -0.003 -21"><span class='ocrx_word' id='word_1_10' title='bbox 347 1501 497 1587; x_wconf 88' lang='lat' dir='ltr'><strong>jungeret</strong></span> <span class='ocrx_word' id='word_1_11' title='bbox 527 1496 711 1573; x_wconf 85' lang='lat' dir='ltr'><strong>celestibus,</strong></span> <span class='ocrx_word' id='word_1_12' title='bbox 745 1493 881 1558; x_wconf 89' lang='lat' dir='ltr'><strong>humane</strong></span> <span class='ocrx_word' id='word_1_13' title='bbox 911 1494 1045 1578; x_wconf 88' lang='lat' dir='ltr'><strong>largitus</strong></span> <span class='ocrx_word' id='word_1_14' title='bbox 1077 1498 1125 1560; x_wconf 86' lang='lat' dir='ltr'><strong>est</strong></span> <span class='ocrx_word' id='word_1_15' title='bbox 1156 1495 1296 1574; x_wconf 80' lang='lat' dir='ltr'><strong>facture,</strong></span> <span class='ocrx_word' id='word_1_16' title='bbox 1330 1495 1412 1560; x_wconf 85' lang='lat' dir='ltr'><strong>vnde</strong></span> <span class='ocrx_word' id='word_1_17' title='bbox 1435 1495 1553 1562; x_wconf 89' lang='lat' dir='ltr'><strong>laboris</strong></span> 
     </span>
     <span class='ocr_line' id='line_1_3' title="bbox 351 1598 1553 1688; baseline -0.002 -18"><span class='ocrx_word' id='word_1_18' title='bbox 351 1609 430 1682; x_wconf 85' lang='lat' dir='ltr'><strong>estu,</strong></span> <span class='ocrx_word' id='word_1_19' title='bbox 447 1603 614 1686; x_wconf 85' lang='lat' dir='ltr'><strong>studioque</strong></span> <span class='ocrx_word' id='word_1_20' title='bbox 630 1599 750 1685; x_wconf 77' lang='lat' dir='ltr'>vigenti</span> <span class='ocrx_word' id='word_1_21' title='bbox 767 1603 799 1663; x_wconf 90' lang='lat' dir='ltr'><strong>et</strong></span> <span class='ocrx_word' id='word_1_22' title='bbox 814 1598 930 1675; x_wconf 82' lang='lat' dir='ltr'><strong>labore,</strong></span> <span class='ocrx_word' id='word_1_23' title='bbox 956 1620 1011 1663; x_wconf 89' lang='lat' dir='ltr'><strong>sne</strong></span> <span class='ocrx_word' id='word_1_24' title='bbox 1027 1598 1121 1662; x_wconf 88' lang='lat' dir='ltr'><strong>saluti</strong></span> <span class='ocrx_word' id='word_1_25' title='bbox 1138 1601 1309 1679; x_wconf 77' lang='lat' dir='ltr'><strong>consulere,</strong></span> <span class='ocrx_word' id='word_1_26' title='bbox 1333 1601 1553 1688; x_wconf 69' lang='lat' dir='ltr'><strong>ambiguitatis</strong></span> 
     </span>
     <span class='ocr_line' id='line_1_4' title="bbox 350 1702 1552 1792; baseline -0.002 -18"><span class='ocrx_word' id='word_1_27' title='bbox 350 1709 479 1792; x_wconf 86' lang='lat' dir='ltr'><strong>laqueos</strong></span> <span class='ocrx_word' id='word_1_28' title='bbox 502 1707 672 1772; x_wconf 89' lang='lat' dir='ltr'><strong>dissoluere</strong></span> <span class='ocrx_word' id='word_1_29' title='bbox 695 1725 732 1768; x_wconf 89' lang='lat' dir='ltr'><strong>ac</strong></span> <span class='ocrx_word' id='word_1_30' title='bbox 753 1703 888 1787; x_wconf 89' lang='lat' dir='ltr'><strong>denique</strong></span> <span class='ocrx_word' id='word_1_31' title='bbox 910 1702 1033 1767; x_wconf 91' lang='lat' dir='ltr'><strong>licitum</strong></span> <span class='ocrx_word' id='word_1_32' title='bbox 1056 1703 1095 1768; x_wconf 89' lang='lat' dir='ltr'><strong>ab</strong></span> <span class='ocrx_word' id='word_1_33' title='bbox 1118 1703 1232 1769; x_wconf 86' lang='lat' dir='ltr'><strong>illicito</strong></span> <span class='ocrx_word' id='word_1_34' title='bbox 1247 1704 1422 1771; x_wconf 88' lang='lat' dir='ltr'><strong>discernere</strong></span> <span class='ocrx_word' id='word_1_35' title='bbox 1447 1711 1552 1791; x_wconf 88' lang='lat' dir='ltr'><strong>queat.</strong></span> 
     </span>
     <span class='ocr_line' id='line_1_5' title="bbox 351 1807 1552 1895; baseline -0.002 -16"><span class='ocrx_word' id='word_1_36' title='bbox 351 1813 568 1880; x_wconf 86' lang='lat' dir='ltr'><strong>Vniuersitete</strong></span> <span class='ocrx_word' id='word_1_37' title='bbox 602 1811 707 1892; x_wconf 85' lang='lat' dir='ltr'><strong>itaque</strong></span> <span class='ocrx_word' id='word_1_38' title='bbox 737 1807 834 1872; x_wconf 89' lang='lat' dir='ltr'><strong>studii</strong></span> <span class='ocrx_word' id='word_1_39' title='bbox 865 1808 1022 1894; x_wconf 89' lang='lat' dir='ltr'><strong>generalis</strong></span> <span class='ocrx_word' id='word_1_40' title='bbox 1053 1807 1086 1870; x_wconf 93' lang='lat' dir='ltr'><strong>in</strong></span> <span class='ocrx_word' id='word_1_41' title='bbox 1117 1808 1211 1892; x_wconf 88' lang='lat' dir='ltr'><strong>opido</strong></span> <span class='ocrx_word' id='word_1_42' title='bbox 1234 1808 1411 1895; x_wconf 80' lang='lat' dir='ltr'><strong>Tliwingen</strong></span> <span class='ocrx_word' id='word_1_43' title='bbox 1445 1809 1552 1876; x_wconf 80' lang='lat' dir='ltr'><strong>Cenat</strong></span> 
     </span>
     <span class='ocr_line' id='line_1_6' title="bbox 351 1911 1552 1991; baseline -0.002 -9"><span class='ocrx_word' id='word_1_44' title='bbox 351 1917 507 1983; x_wconf 83' lang='lat' dir='ltr'><strong>dioceseos</strong></span> <span class='ocrx_word' id='word_1_45' title='bbox 526 1915 661 1982; x_wconf 71' lang='lat' dir='ltr'><strong>feliciter</strong></span> <span class='ocrx_word' id='word_1_46' title='bbox 676 1911 833 1990; x_wconf 83' lang='lat' dir='ltr'><strong>inchoata,</strong></span> <span class='ocrx_word' id='word_1_47' title='bbox 858 1912 1052 1976; x_wconf 89' lang='lat' dir='ltr'><strong>diuersarum</strong></span> <span class='ocrx_word' id='word_1_48' title='bbox 1069 1912 1235 1978; x_wconf 91' lang='lat' dir='ltr'><strong>nationum</strong></span> <span class='ocrx_word' id='word_1_49' title='bbox 1257 1914 1327 1991; x_wconf 82' lang='lat' dir='ltr'><strong>viri,</strong></span> <span class='ocrx_word' id='word_1_50' title='bbox 1353 1937 1477 1981; x_wconf 87' lang='lat' dir='ltr'><strong>urorum</strong></span> <span class='ocrx_word' id='word_1_51' title='bbox 1499 1938 1552 1980; x_wconf 86' lang='lat' dir='ltr'><strong>ve·</strong></span> 
     </span>
     <span class='ocr_line' id='line_1_7' title="bbox 351 2017 1554 2104; baseline -0.001 -17"><span class='ocrx_word' id='word_1_52' title='bbox 351 2024 477 2088; x_wconf 86' lang='lat' dir='ltr'><strong>nustate</strong></span> <span class='ocrx_word' id='word_1_53' title='bbox 499 2021 715 2104; x_wconf 75' lang='lat' dir='ltr'><strong>virtutumque</strong></span> <span class='ocrx_word' id='word_1_54' title='bbox 740 2023 772 2083; x_wconf 92' lang='lat' dir='ltr'><strong>et</strong></span> <span class='ocrx_word' id='word_1_55' title='bbox 794 2018 997 2084; x_wconf 78' lang='lat' dir='ltr'><strong>scientiarum</strong></span> <span class='ocrx_word' id='word_1_56' title='bbox 1020 2017 1151 2083; x_wconf 84' lang='lat' dir='ltr'><strong>floribus</strong></span> <span class='ocrx_word' id='word_1_57' title='bbox 1174 2021 1354 2104; x_wconf 83' lang='lat' dir='ltr'><strong>perornati,</strong></span> <span class='ocrx_word' id='word_1_58' title='bbox 1381 2023 1456 2086; x_wconf 92' lang='lat' dir='ltr'><strong>illuc</strong></span> <span class='ocrx_word' id='word_1_59' title='bbox 1478 2044 1554 2087; x_wconf 82' lang='lat' dir='ltr'><strong>con-</strong></span> 
     </span>
     <span class='ocr_line' id='line_1_8' title="bbox 349 2121 1553 2199; baseline 0 -7"><span class='ocrx_word' id='word_1_60' title='bbox 349 2127 446 2192; x_wconf 90' lang='lat' dir='ltr'><strong>fluere</strong></span> <span class='ocrx_word' id='word_1_61' title='bbox 470 2148 534 2193; x_wconf 92' lang='lat' dir='ltr'><strong>non</strong></span> <span class='ocrx_word' id='word_1_62' title='bbox 556 2126 750 2191; x_wconf 88' lang='lat' dir='ltr'><strong>recusarunt.</strong></span> <span class='ocrx_word' id='word_1_63' title='bbox 801 2121 941 2199; x_wconf 83' lang='lat' dir='ltr'><strong>Quorum</strong></span> <span class='ocrx_word' id='word_1_64' title='bbox 965 2123 1108 2188; x_wconf 88' lang='lat' dir='ltr'><strong>doctriua</strong></span> <span class='ocrx_word' id='word_1_65' title='bbox 1130 2125 1262 2189; x_wconf 86' lang='lat' dir='ltr'><strong>salutari</strong></span> <span class='ocrx_word' id='word_1_66' title='bbox 1285 2126 1324 2189; x_wconf 92' lang='lat' dir='ltr'><strong>ad</strong></span> <span class='ocrx_word' id='word_1_67' title='bbox 1340 2125 1553 2192; x_wconf 87' lang='lat' dir='ltr'><strong>Altitonantis</strong></span> 
     </span>
     <span class='ocr_line' id='line_1_9' title="bbox 349 2226 1553 2318; baseline 0 -21"><span class='ocrx_word' id='word_1_68' title='bbox 349 2232 474 2298; x_wconf 88' lang='lat' dir='ltr'><strong>laudem</strong></span> <span class='ocrx_word' id='word_1_69' title='bbox 500 2230 680 2318; x_wconf 81' lang='lat' dir='ltr'><strong>ignorantie</strong></span> <span class='ocrx_word' id='word_1_70' title='bbox 703 2228 817 2314; x_wconf 82' lang='lat' dir='ltr'><strong>rubigo</strong></span> <span class='ocrx_word' id='word_1_71' title='bbox 833 2227 942 2312; x_wconf 90' lang='lat' dir='ltr'><strong>populi</strong></span> <span class='ocrx_word' id='word_1_72' title='bbox 965 2226 1151 2292; x_wconf 88' lang='lat' dir='ltr'><strong>confluentis</strong></span> <span class='ocrx_word' id='word_1_73' title='bbox 1168 2229 1337 2313; x_wconf 86' lang='lat' dir='ltr'><strong>depellitur</strong></span> <span class='ocrx_word' id='word_1_74' title='bbox 1360 2254 1396 2296; x_wconf 90' lang='lat' dir='ltr'><strong>ao</strong></span> <span class='ocrx_word' id='word_1_75' title='bbox 1419 2233 1553 2316; x_wconf 89' lang='lat' dir='ltr'><strong>denique</strong></span> 
     </span>
     <span class='ocr_line' id='line_1_10' title="bbox 351 2332 1553 2421; baseline -0.001 -19"><span class='ocrx_word' id='word_1_76' title='bbox 351 2337 443 2402; x_wconf 88' lang='lat' dir='ltr'><strong>rudes</strong></span> <span class='ocrx_word' id='word_1_77' title='bbox 465 2335 650 2401; x_wconf 87' lang='lat' dir='ltr'><strong>continuato</strong></span> <span class='ocrx_word' id='word_1_78' title='bbox 675 2332 781 2398; x_wconf 86' lang='lat' dir='ltr'><strong>studio</strong></span> <span class='ocrx_word' id='word_1_79' title='bbox 804 2333 838 2396; x_wconf 92' lang='lat' dir='ltr'><strong>in</strong></span> <span class='ocrx_word' id='word_1_80' title='bbox 860 2332 942 2396; x_wconf 86' lang='lat' dir='ltr'><strong>scios</strong></span> <span class='ocrx_word' id='word_1_81' title='bbox 959 2335 1203 2397; x_wconf 88' lang='lat' dir='ltr'><strong>commutantur.</strong></span> <span class='ocrx_word' id='word_1_82' title='bbox 1250 2333 1300 2399; x_wconf 91' lang='lat' dir='ltr'><strong>Ne</strong></span> <span class='ocrx_word' id='word_1_83' title='bbox 1315 2339 1421 2400; x_wconf 84' lang='lat' dir='ltr'><strong>autem</strong></span> <span class='ocrx_word' id='word_1_84' title='bbox 1445 2358 1553 2421; x_wconf 90' lang='lat' dir='ltr'><strong>perso-</strong></span> 
     </span>
     <span class='ocr_line' id='line_1_11' title="bbox 351 2438 1553 2521; baseline 0.002 -17"><span class='ocrx_word' id='word_1_85' title='bbox 351 2463 463 2506; x_wconf 90' lang='lat' dir='ltr'><strong>narum</strong></span> <span class='ocrx_word' id='word_1_86' title='bbox 485 2438 665 2505; x_wconf 87' lang='lat' dir='ltr'><strong>huiusmodi</strong></span> <span class='ocrx_word' id='word_1_87' title='bbox 697 2439 800 2503; x_wconf 84' lang='lat' dir='ltr'><strong>varios</strong></span> <span class='ocrx_word' id='word_1_88' title='bbox 823 2459 879 2521; x_wconf 88' lang='lat' dir='ltr'><strong>per</strong></span> <span class='ocrx_word' id='word_1_89' title='bbox 904 2440 1035 2504; x_wconf 85' lang='lat' dir='ltr'><strong>euentus</strong></span> <span class='ocrx_word' id='word_1_90' title='bbox 1059 2442 1201 2503; x_wconf 84' lang='lat' dir='ltr'><strong>transeat</strong></span> <span class='ocrx_word' id='word_1_91' title='bbox 1224 2441 1395 2519; x_wconf 85' lang='lat' dir='ltr'><strong>memoria,</strong></span> <span class='ocrx_word' id='word_1_92' title='bbox 1426 2442 1479 2506; x_wconf 84' lang='lat' dir='ltr'><strong>aed</strong></span> <span class='ocrx_word' id='word_1_93' title='bbox 1502 2463 1553 2505; x_wconf 89' lang='lat' dir='ltr'><strong>ea·</strong></span> 
     </span>
     <span class='ocr_line' id='line_1_12' title="bbox 352 2543 1553 2632; baseline -0.001 -20"><span class='ocrx_word' id='word_1_94' title='bbox 352 2544 485 2614; x_wconf 77' lang='lat' dir='ltr'><strong>tandem</strong></span> <span class='ocrx_word' id='word_1_95' title='bbox 516 2544 646 2610; x_wconf 92' lang='lat' dir='ltr'><strong>nomina</strong></span> <span class='ocrx_word' id='word_1_96' title='bbox 676 2543 803 2626; x_wconf 86' lang='lat' dir='ltr'><strong>scriptis</strong></span> <span class='ocrx_word' id='word_1_97' title='bbox 834 2546 923 2606; x_wconf 89' lang='lat' dir='ltr'><strong>arata</strong></span> <span class='ocrx_word' id='word_1_98' title='bbox 945 2543 1119 2627; x_wconf 86' lang='lat' dir='ltr'><strong>legentium</strong></span> <span class='ocrx_word' id='word_1_99' title='bbox 1143 2547 1263 2610; x_wconf 82' lang='lat' dir='ltr'><strong>mentes</strong></span> <span class='ocrx_word' id='word_1_100' title='bbox 1288 2547 1449 2630; x_wconf 73' lang='lat' dir='ltr'><strong>aperiant,</strong></span> <span class='ocrx_word' id='word_1_101' title='bbox 1483 2548 1553 2632; x_wconf 89' lang='lat' dir='ltr'><strong>lap·</strong></span> 
     </span>
    </p>
   </div>
   <div class='ocr_carea' id='block_1_2' title="bbox 349 2647 1556 2938">
    <p class='ocr_par' dir='ltr' id='par_1_2' title="bbox 349 2647 1556 2938">
     <span class='ocr_line' id='line_1_13' title="bbox 349 2647 1554 2736; baseline 0.001 -21"><span class='ocrx_word' id='word_1_102' title='bbox 349 2671 479 2734; x_wconf 86' lang='lat' dir='ltr'><strong>samque</strong></span> <span class='ocrx_word' id='word_1_103' title='bbox 501 2649 546 2715; x_wconf 90' lang='lat' dir='ltr'><strong>sic</strong></span> <span class='ocrx_word' id='word_1_104' title='bbox 567 2651 724 2714; x_wconf 88' lang='lat' dir='ltr'><strong>innouent</strong></span> <span class='ocrx_word' id='word_1_105' title='bbox 747 2647 940 2724; x_wconf 83' lang='lat' dir='ltr'><strong>memoriam,</strong></span> <span class='ocrx_word' id='word_1_106' title='bbox 965 2667 1030 2712; x_wconf 91' lang='lat' dir='ltr'><strong>non</strong></span> <span class='ocrx_word' id='word_1_107' title='bbox 1053 2648 1213 2714; x_wconf 88' lang='lat' dir='ltr'><strong>immerito</strong></span> <span class='ocrx_word' id='word_1_108' title='bbox 1228 2670 1360 2734; x_wconf 84' lang='lat' dir='ltr'><strong>persone</strong></span> <span class='ocrx_word' id='word_1_109' title='bbox 1381 2651 1450 2736; x_wconf 87' lang='lat' dir='ltr'><strong>ipse</strong></span> <span class='ocrx_word' id='word_1_110' title='bbox 1473 2652 1554 2716; x_wconf 86' lang='lat' dir='ltr'><strong>dicta</strong></span> 
     </span>
     <span class='ocr_line' id='line_1_14' title="bbox 349 2753 1555 2838; baseline 0 -18"><span class='ocrx_word' id='word_1_111' title='bbox 349 2754 565 2820; x_wconf 78' lang='lat' dir='ltr'><strong>uniuersitatis</strong></span> <span class='ocrx_word' id='word_1_112' title='bbox 595 2753 796 2819; x_wconf 86' lang='lat' dir='ltr'><strong>Matriculam</strong></span> <span class='ocrx_word' id='word_1_113' title='bbox 827 2756 1079 2838; x_wconf 83' lang='lat' dir='ltr'><strong>representantes</strong></span> <span class='ocrx_word' id='word_1_114' title='bbox 1119 2753 1245 2838; x_wconf 83' lang='lat' dir='ltr'><strong>scriptis</strong></span> <span class='ocrx_word' id='word_1_115' title='bbox 1283 2753 1390 2820; x_wconf 87' lang='lat' dir='ltr'><strong>solidis</strong></span> <span class='ocrx_word' id='word_1_116' title='bbox 1423 2756 1555 2821; x_wconf 89' lang='lat' dir='ltr'><strong>veniunt</strong></span> 
     </span>
     <span class='ocr_line' id='line_1_15' title="bbox 352 2855 1556 2938; baseline 0.002 -14"><span class='ocrx_word' id='word_1_117' title='bbox 352 2860 540 2924; x_wconf 81' lang='lat' dir='ltr'><strong>annotanda.</strong></span> <span class='ocrx_word' id='word_1_118' title='bbox 595 2858 663 2936; x_wconf 83' lang='lat' dir='ltr'><strong>Qua</strong></span> <span class='ocrx_word' id='word_1_119' title='bbox 693 2880 731 2922; x_wconf 86' lang='lat' dir='ltr'><strong>ex</strong></span> <span class='ocrx_word' id='word_1_120' title='bbox 764 2879 797 2921; x_wconf 92' lang='lat' dir='ltr'><strong>re</strong></span> <span class='ocrx_word' id='word_1_121' title='bbox 820 2879 879 2922; x_wconf 88' lang='lat' dir='ltr'><strong>nos</strong></span> <span class='ocrx_word' id='word_1_122' title='bbox 901 2855 1067 2922; x_wconf 78' lang='lat' dir='ltr'><strong>Jonannas</strong></span> <span class='ocrx_word' id='word_1_123' title='bbox 1094 2857 1326 2938; x_wconf 66' lang='lat' dir='ltr'><strong>Varsutinam,</strong></span> <span class='ocrx_word' id='word_1_124' title='bbox 1361 2861 1556 2926; x_wconf 86' lang='lat' dir='ltr'><strong>decretorum</strong></span> 
     </span>
    </p>
   </div>
   <div class='ocr_carea' id='block_1_3' title="bbox 345 2962 1555 4627">
    <p class='ocr_par' dir='ltr' id='par_1_3' title="bbox 349 2962 1554 3868">
     <span class='ocr_line' id='line_1_16' title="bbox 351 2962 1553 3050; baseline 0.002 -21"><span class='ocrx_word' id='word_1_125' title='bbox 351 2963 469 3041; x_wconf 80' lang='lat' dir='ltr'><strong>doctor,</strong></span> <span class='ocrx_word' id='word_1_126' title='bbox 494 2963 609 3029; x_wconf 85' lang='lat' dir='ltr'><strong>Rector</strong></span> <span class='ocrx_word' id='word_1_127' title='bbox 632 2963 793 3048; x_wconf 87' lang='lat' dir='ltr'><strong>primeuus</strong></span> <span class='ocrx_word' id='word_1_128' title='bbox 808 2962 891 3027; x_wconf 89' lang='lat' dir='ltr'><strong>alme</strong></span> <span class='ocrx_word' id='word_1_129' title='bbox 905 2962 1122 3027; x_wconf 72' lang='lat' dir='ltr'><strong>uniuersitatis</strong></span> <span class='ocrx_word' id='word_1_130' title='bbox 1138 2963 1359 3050; x_wconf 80' lang='lat' dir='ltr'><strong>Ttlwingensis</strong></span> <span class='ocrx_word' id='word_1_131' title='bbox 1382 2971 1553 3032; x_wconf 87' lang='lat' dir='ltr'><strong>memorate</strong></span> 
     </span>
     <span class='ocr_line' id='line_1_17' title="bbox 351 3067 1552 3154; baseline 0 -20"><span class='ocrx_word' id='word_1_132' title='bbox 351 3090 435 3134; x_wconf 89' lang='lat' dir='ltr'><strong>anno</strong></span> <span class='ocrx_word' id='word_1_133' title='bbox 459 3091 478 3134; x_wconf 98' lang='lat' dir='ltr'><strong>a</strong></span> <span class='ocrx_word' id='word_1_134' title='bbox 501 3073 566 3134; x_wconf 87' lang='lat' dir='ltr'><strong>nat.</strong></span> <span class='ocrx_word' id='word_1_135' title='bbox 599 3068 691 3133; x_wconf 90' lang='lat' dir='ltr'><strong>Dom.</strong></span> <span class='ocrx_word' id='word_1_136' title='bbox 726 3069 808 3131; x_wconf 80' lang='lat'><strong>1477</strong></span> <span class='ocrx_word' id='word_1_137' title='bbox 840 3068 889 3132; x_wconf 86' lang='lat' dir='ltr'><strong>die</strong></span> <span class='ocrx_word' id='word_1_138' title='bbox 919 3067 1001 3132; x_wconf 84' lang='lat' dir='ltr'><strong>festa</strong></span> <span class='ocrx_word' id='word_1_139' title='bbox 1024 3072 1131 3133; x_wconf 82' lang='lat' dir='ltr'><strong>ennete</strong></span> <span class='ocrx_word' id='word_1_140' title='bbox 1163 3072 1196 3133; x_wconf 87' lang='lat' dir='ltr'><strong>et</strong></span> <span class='ocrx_word' id='word_1_141' title='bbox 1218 3069 1340 3135; x_wconf 85' lang='lat' dir='ltr'><strong>rinifice</strong></span> <span class='ocrx_word' id='word_1_142' title='bbox 1363 3071 1463 3135; x_wconf 87' lang='lat' dir='ltr'><strong>crucis</strong></span> <span class='ocrx_word' id='word_1_143' title='bbox 1486 3072 1552 3154; x_wconf 85' lang='lat'>[15.</span> 
     </span>
     <span class='ocr_line' id='line_1_18' title="bbox 349 3171 1553 3260; baseline 0.001 -21"><span class='ocrx_word' id='word_1_144' title='bbox 349 3173 564 3258; x_wconf 83' lang='lat' dir='ltr'><strong>September]‚</strong></span> <span class='ocrx_word' id='word_1_145' title='bbox 594 3195 679 3239; x_wconf 86' lang='lat' dir='ltr'><strong>anno</strong></span> <span class='ocrx_word' id='word_1_146' title='bbox 708 3171 875 3238; x_wconf 90' lang='lat' dir='ltr'><strong>inditionis</strong></span> <span class='ocrx_word' id='word_1_147' title='bbox 907 3172 1025 3238; x_wconf 86' lang='lat' dir='ltr'><strong>decimo</strong></span> <span class='ocrx_word' id='word_1_148' title='bbox 1048 3176 1125 3236; x_wconf 89' lang='lat' dir='ltr'><strong>tuno</strong></span> <span class='ocrx_word' id='word_1_149' title='bbox 1149 3175 1304 3238; x_wconf 87' lang='lat' dir='ltr'><strong>currentis</strong></span> <span class='ocrx_word' id='word_1_150' title='bbox 1328 3180 1423 3259; x_wconf 89' lang='lat' dir='ltr'><strong>atque</strong></span> <span class='ocrx_word' id='word_1_151' title='bbox 1446 3175 1553 3260; x_wconf 91' lang='lat' dir='ltr'><strong>ponti·</strong></span> 
     </span>
     <span class='ocr_line' id='line_1_19' title="bbox 351 3275 1554 3362; baseline -0.001 -18"><span class='ocrx_word' id='word_1_152' title='bbox 351 3280 462 3344; x_wconf 88' lang='lat' dir='ltr'><strong>ficatns</strong></span> <span class='ocrx_word' id='word_1_153' title='bbox 492 3277 684 3344; x_wconf 80' lang='lat' dir='ltr'><strong>sanctissimi</strong></span> <span class='ocrx_word' id='word_1_154' title='bbox 713 3278 747 3342; x_wconf 92' lang='lat' dir='ltr'><strong>iu</strong></span> <span class='ocrx_word' id='word_1_155' title='bbox 772 3275 897 3342; x_wconf 84' lang='lat' dir='ltr'><strong>Christo</strong></span> <span class='ocrx_word' id='word_1_156' title='bbox 926 3278 1026 3362; x_wconf 88' lang='lat' dir='ltr'><strong>patris</strong></span> <span class='ocrx_word' id='word_1_157' title='bbox 1058 3281 1090 3342; x_wconf 91' lang='lat' dir='ltr'><strong>et</strong></span> <span class='ocrx_word' id='word_1_158' title='bbox 1119 3277 1239 3342; x_wconf 91' lang='lat' dir='ltr'><strong>domini</strong></span> <span class='ocrx_word' id='word_1_159' title='bbox 1272 3278 1391 3359; x_wconf 83' lang='lat' dir='ltr'><strong>nostri,</strong></span> <span class='ocrx_word' id='word_1_160' title='bbox 1423 3278 1554 3344; x_wconf 90' lang='lat' dir='ltr'><strong>Domini</strong></span> 
     </span>
     <span class='ocr_line' id='line_1_20' title="bbox 349 3381 1553 3468; baseline 0 -20"><span class='ocrx_word' id='word_1_161' title='bbox 349 3383 442 3449; x_wconf 85' lang='lat' dir='ltr'><strong>ernr</strong></span> <span class='ocrx_word' id='word_1_162' title='bbox 465 3383 573 3448; x_wconf 90' lang='lat' dir='ltr'><strong>diuina</strong></span> <span class='ocrx_word' id='word_1_163' title='bbox 603 3382 804 3467; x_wconf 85' lang='lat' dir='ltr'><strong>prouidentia</strong></span> <span class='ocrx_word' id='word_1_164' title='bbox 826 3404 907 3466; x_wconf 87' lang='lat' dir='ltr'><strong>pape</strong></span> <span class='ocrx_word' id='word_1_165' title='bbox 929 3381 1035 3464; x_wconf 89' lang='lat' dir='ltr'><strong>quarti</strong></span> <span class='ocrx_word' id='word_1_166' title='bbox 1058 3385 1166 3460; x_wconf 83' lang='lat' dir='ltr'><strong>sexto,</strong></span> <span class='ocrx_word' id='word_1_167' title='bbox 1198 3383 1325 3468; x_wconf 90' lang='lat' dir='ltr'><strong>imperii</strong></span> <span class='ocrx_word' id='word_1_168' title='bbox 1357 3405 1481 3468; x_wconf 91' lang='lat' dir='ltr'><strong>quoque</strong></span> <span class='ocrx_word' id='word_1_169' title='bbox 1502 3384 1553 3448; x_wconf 89' lang='lat' dir='ltr'><strong>in-</strong></span> 
     </span>
     <span class='ocr_line' id='line_1_21' title="bbox 352 3471 1553 3575; baseline -0.001 -22"><span class='ocrx_word' id='word_1_170' title='bbox 352 3489 520 3554; x_wconf 84' lang='lat' dir='ltr'><strong>uictissimi</strong></span> <span class='ocrx_word' id='word_1_171' title='bbox 542 3489 697 3575; x_wconf 91' lang='lat' dir='ltr'><strong>principis</strong></span> <span class='ocrx_word' id='word_1_172' title='bbox 720 3491 752 3552; x_wconf 91' lang='lat' dir='ltr'><strong>et</strong></span> <span class='ocrx_word' id='word_1_173' title='bbox 766 3471 895 3552; x_wconf 66' lang='lat' dir='ltr'><strong>⁴domini</strong></span> <span class='ocrx_word' id='word_1_174' title='bbox 916 3485 1046 3550; x_wconf 89' lang='lat' dir='ltr'><strong>Domini</strong></span> <span class='ocrx_word' id='word_1_175' title='bbox 1063 3485 1233 3552; x_wconf 80' lang='lat' dir='ltr'><strong>Farnnmcr</strong></span> <span class='ocrx_word' id='word_1_176' title='bbox 1256 3486 1472 3552; x_wconf 86' lang='lat' dir='ltr'><strong>Romanorum</strong></span> <span class='ocrx_word' id='word_1_177' title='bbox 1493 3490 1553 3552; x_wconf 92' lang='lat' dir='ltr'><strong>im-</strong></span> 
     </span>
     <span class='ocr_line' id='line_1_22' title="bbox 354 3591 1553 3679; baseline 0 -21"><span class='ocrx_word' id='word_1_178' title='bbox 354 3594 508 3677; x_wconf 85' lang='lat' dir='ltr'><strong>peratoris</strong></span> <span class='ocrx_word' id='word_1_179' title='bbox 532 3614 655 3677; x_wconf 85' lang='lat' dir='ltr'><strong>semper</strong></span> <span class='ocrx_word' id='word_1_180' title='bbox 677 3593 806 3678; x_wconf 84' lang='lat' dir='ltr'><strong>augusti</strong></span> <span class='ocrx_word' id='word_1_181' title='bbox 827 3597 886 3657; x_wconf 88' lang='lat' dir='ltr'><strong>etc.</strong></span> <span class='ocrx_word' id='word_1_182' title='bbox 919 3591 1072 3677; x_wconf 87' lang='lat' dir='ltr'><strong>vigesimo</strong></span> <span class='ocrx_word' id='word_1_183' title='bbox 1095 3591 1223 3676; x_wconf 83' lang='lat' dir='ltr'><strong>quinto,</strong></span> <span class='ocrx_word' id='word_1_184' title='bbox 1255 3615 1404 3678; x_wconf 75' lang='lat' dir='ltr'><strong>personas</strong></span> <span class='ocrx_word' id='word_1_185' title='bbox 1426 3598 1458 3658; x_wconf 91' lang='lat' dir='ltr'><strong>et</strong></span> <span class='ocrx_word' id='word_1_186' title='bbox 1480 3617 1553 3679; x_wconf 92' lang='lat' dir='ltr'><strong>sup-</strong></span> 
     </span>
     <span class='ocr_line' id='line_1_23' title="bbox 354 3695 1553 3784; baseline 0.003 -24"><span class='ocrx_word' id='word_1_187' title='bbox 354 3697 459 3782; x_wconf 84' lang='lat' dir='ltr'><strong>posita</strong></span> <span class='ocrx_word' id='word_1_188' title='bbox 481 3697 567 3762; x_wconf 87' lang='lat' dir='ltr'><strong>infra</strong></span> <span class='ocrx_word' id='word_1_189' title='bbox 588 3699 714 3762; x_wconf 87' lang='lat' dir='ltr'><strong>notatos</strong></span> <span class='ocrx_word' id='word_1_190' title='bbox 736 3696 797 3782; x_wconf 89' lang='lat' dir='ltr'><strong>ipsi</strong></span> <span class='ocrx_word' id='word_1_191' title='bbox 821 3702 929 3761; x_wconf 90' lang='lat' dir='ltr'><strong>nostre</strong></span> <span class='ocrx_word' id='word_1_192' title='bbox 951 3695 1079 3761; x_wconf 82' lang='lat' dir='ltr'><strong>Matrici</strong></span> <span class='ocrx_word' id='word_1_193' title='bbox 1102 3697 1305 3782; x_wconf 88' lang='lat' dir='ltr'><strong>incorporare</strong></span> <span class='ocrx_word' id='word_1_194' title='bbox 1329 3699 1478 3784; x_wconf 71' lang='lat' dir='ltr'><strong>cepimus</strong></span> <span class='ocrx_word' id='word_1_195' title='bbox 1501 3721 1553 3764; x_wconf 88' lang='lat' dir='ltr'><strong>eo·</strong></span> 
     </span>
     <span class='ocr_line' id='line_1_24' title="bbox 353 3800 1332 3868; baseline 0.001 -3"><span class='ocrx_word' id='word_1_196' title='bbox 353 3802 486 3867; x_wconf 89' lang='lat' dir='ltr'><strong>rundcm</strong></span> <span class='ocrx_word' id='word_1_197' title='bbox 511 3802 638 3866; x_wconf 92' lang='lat' dir='ltr'><strong>nomina</strong></span> <span class='ocrx_word' id='word_1_198' title='bbox 660 3823 716 3866; x_wconf 89' lang='lat' dir='ltr'><strong>ceu</strong></span> <span class='ocrx_word' id='word_1_199' title='bbox 738 3800 947 3865; x_wconf 87' lang='lat' dir='ltr'><strong>subscribitur</strong></span> <span class='ocrx_word' id='word_1_200' title='bbox 969 3801 1110 3866; x_wconf 87' lang='lat' dir='ltr'><strong>seriatim</strong></span> <span class='ocrx_word' id='word_1_201' title='bbox 1133 3807 1332 3868; x_wconf 84' lang='lat' dir='ltr'><strong>annotantes.</strong></span> 
     </span>
    </p>

    <p class='ocr_par' dir='ltr' id='par_1_4' title="bbox 348 3905 1554 4288">
     <span class='ocr_line' id='line_1_25' title="bbox 373 3905 1553 3992; baseline 0.003 -22"><span class='ocrx_word' id='word_1_202' title='bbox 373 3912 399 3971; x_wconf 93' lang='grc'><strong>1.</strong></span> <span class='ocrx_word' id='word_1_203' title='bbox 426 3905 581 3992; x_wconf 90' lang='lat' dir='ltr'><strong>Inprimis</strong></span> <span class='ocrx_word' id='word_1_204' title='bbox 603 3907 711 3991; x_wconf 90' lang='lat' dir='ltr'><strong>itaque</strong></span> <span class='ocrx_word' id='word_1_205' title='bbox 734 3906 927 3989; x_wconf 89' lang='lat' dir='ltr'><strong>incorporari</strong></span> <span class='ocrx_word' id='word_1_206' title='bbox 955 3905 1145 3970; x_wconf 84' lang='lat' dir='ltr'><strong>desiderauit</strong></span> <span class='ocrx_word' id='word_1_207' title='bbox 1161 3905 1288 3972; x_wconf 88' lang='lat' dir='ltr'><strong>Matrici</strong></span> <span class='ocrx_word' id='word_1_208' title='bbox 1304 3911 1410 3974; x_wconf 88' lang='lat' dir='ltr'><strong>nostre</strong></span> <span class='ocrx_word' id='word_1_209' title='bbox 1426 3910 1553 3974; x_wconf 80' lang='lat' dir='ltr'><strong>uniuer-</strong></span> 
     </span>
     <span class='ocr_line' id='line_1_26' title="bbox 348 4011 1554 4096; baseline 0.002 -20"><span class='ocrx_word' id='word_1_210' title='bbox 348 4011 453 4076; x_wconf 84' lang='lat' dir='ltr'><strong>sitatis</strong></span> <span class='ocrx_word' id='word_1_211' title='bbox 475 4017 507 4077; x_wconf 91' lang='lat' dir='ltr'><strong>et</strong></span> <span class='ocrx_word' id='word_1_212' title='bbox 528 4012 638 4096; x_wconf 90' lang='lat' dir='ltr'><strong>preuio</strong></span> <span class='ocrx_word' id='word_1_213' title='bbox 657 4013 838 4095; x_wconf 88' lang='lat' dir='ltr'><strong>juramento</strong></span> <span class='ocrx_word' id='word_1_214' title='bbox 853 4011 950 4075; x_wconf 90' lang='lat' dir='ltr'><strong>solito</strong></span> <span class='ocrx_word' id='word_1_215' title='bbox 967 4012 1188 4095; x_wconf 87' lang='lat' dir='ltr'><strong>incorporatus</strong></span> <span class='ocrx_word' id='word_1_216' title='bbox 1211 4016 1259 4076; x_wconf 92' lang='lat' dir='ltr'><strong>est</strong></span> <span class='ocrx_word' id='word_1_217' title='bbox 1274 4013 1352 4078; x_wconf 87' lang='lat' dir='ltr'><strong>Reu.</strong></span> <span class='ocrx_word' id='word_1_218' title='bbox 1377 4014 1411 4078; x_wconf 91' lang='lat' dir='ltr'><strong>in</strong></span> <span class='ocrx_word' id='word_1_219' title='bbox 1427 4014 1554 4080; x_wconf 85' lang='lat' dir='ltr'><strong>Christo</strong></span> 
     </span>
     <span class='ocr_line' id='line_1_27' title="bbox 348 4115 1553 4183; baseline 0.002 -3"><span class='ocrx_word' id='word_1_220' title='bbox 348 4115 443 4182; x_wconf 88' lang='lat' dir='ltr'><strong>Pater</strong></span> <span class='ocrx_word' id='word_1_221' title='bbox 473 4121 505 4181; x_wconf 89' lang='lat' dir='ltr'><strong>et</strong></span> <span class='ocrx_word' id='word_1_222' title='bbox 538 4117 619 4181; x_wconf 87' lang='lat' dir='ltr'><strong>dom.</strong></span> <span class='ocrx_word' id='word_1_223' title='bbox 644 4116 734 4181; x_wconf 93' lang='lat' dir='ltr'><strong>Dom.</strong></span> <span class='ocrx_word' id='word_1_224' title='bbox 760 4115 939 4182; x_wconf 81' lang='lat' dir='ltr'><strong>Hnrnarcns</strong></span> <span class='ocrx_word' id='word_1_225' title='bbox 963 4115 1071 4181; x_wconf 84' lang='lat' dir='ltr'><strong>Abbas</strong></span> <span class='ocrx_word' id='word_1_226' title='bbox 1093 4116 1279 4181; x_wconf 85' lang='lat' dir='ltr'><strong>Monasterii</strong></span> <span class='ocrx_word' id='word_1_227' title='bbox 1298 4117 1345 4181; x_wconf 75' lang='lat' dir='ltr'><strong>&#39;in</strong></span> <span class='ocrx_word' id='word_1_228' title='bbox 1369 4117 1553 4183; x_wconf 80' lang='lat' dir='ltr'><strong>Blaubtren</strong></span> 
     </span>
     <span class='ocr_line' id='line_1_28' title="bbox 353 4219 990 4288; baseline -0.003 0"><span class='ocrx_word' id='word_1_229' title='bbox 353 4220 428 4288; x_wconf 90' lang='lat' dir='ltr'><strong>Ord.</strong></span> <span class='ocrx_word' id='word_1_230' title='bbox 451 4219 482 4286; x_wconf 80' lang='lat' dir='ltr'><strong>S.</strong></span> <span class='ocrx_word' id='word_1_231' title='bbox 506 4221 670 4287; x_wconf 87' lang='lat' dir='ltr'><strong>Benedicti</strong></span> <span class='ocrx_word' id='word_1_232' title='bbox 692 4221 798 4287; x_wconf 81' lang='lat' dir='ltr'><strong>Const.</strong></span> <span class='ocrx_word' id='word_1_233' title='bbox 823 4223 990 4288; x_wconf 90' lang='lat' dir='ltr'><strong>dioceseos.</strong></span> 
     </span>
    </p>

    <p class='ocr_par' dir='ltr' id='par_1_5' title="bbox 345 4325 1555 4627">
     <span class='ocr_line' id='line_1_29' title="bbox 372 4325 1553 4411; baseline 0.003 -21"><span class='ocrx_word' id='word_1_234' title='bbox 372 4331 401 4391; x_wconf 79' lang='lat'><strong>2.</strong></span> <span class='ocrx_word' id='word_1_235' title='bbox 426 4325 507 4391; x_wconf 88' lang='lat' dir='ltr'><strong>Item</strong></span> <span class='ocrx_word' id='word_1_236' title='bbox 529 4327 717 4392; x_wconf 84' lang='lat' dir='ltr'><strong>venerabilis</strong></span> <span class='ocrx_word' id='word_1_237' title='bbox 740 4328 788 4391; x_wconf 84' lang='lat' dir='ltr'><strong>vir</strong></span> <span class='ocrx_word' id='word_1_238' title='bbox 811 4328 855 4392; x_wconf 92' lang='lat' dir='ltr'><strong>M.</strong></span> <span class='ocrx_word' id='word_1_239' title='bbox 868 4327 1036 4394; x_wconf 79' lang='lat' dir='ltr'><strong>Jonannns</strong></span> <span class='ocrx_word' id='word_1_240' title='bbox 1051 4327 1166 4392; x_wconf 74' lang='lat' dir='ltr'><strong>Taena</strong></span> <span class='ocrx_word' id='word_1_241' title='bbox 1189 4327 1367 4411; x_wconf 88' lang='lat' dir='ltr'><strong>prepositus</strong></span> <span class='ocrx_word' id='word_1_242' title='bbox 1385 4328 1456 4393; x_wconf 88' lang='lat' dir='ltr'><strong>eccl.</strong></span> <span class='ocrx_word' id='word_1_243' title='bbox 1482 4328 1553 4393; x_wconf 84' lang='lat' dir='ltr'><strong>coll.</strong></span> 
     </span>
     <span class='ocr_line' id='line_1_30' title="bbox 348 4431 1555 4519; baseline 0.003 -24"><span class='ocrx_word' id='word_1_244' title='bbox 348 4431 428 4496; x_wconf 87' lang='lat' dir='ltr'><strong>beat.</strong></span> <span class='ocrx_word' id='word_1_245' title='bbox 453 4432 533 4516; x_wconf 84' lang='lat' dir='ltr'><strong>virg.</strong></span> <span class='ocrx_word' id='word_1_246' title='bbox 557 4431 658 4498; x_wconf 87' lang='lat' dir='ltr'><strong>Marie</strong></span> <span class='ocrx_word' id='word_1_247' title='bbox 679 4436 712 4496; x_wconf 89' lang='lat' dir='ltr'><strong>et</strong></span> <span class='ocrx_word' id='word_1_248' title='bbox 734 4431 765 4498; x_wconf 85' lang='lat' dir='ltr'><strong>S.</strong></span> <span class='ocrx_word' id='word_1_249' title='bbox 783 4433 889 4498; x_wconf 86' lang='lat' dir='ltr'><strong>Georii</strong></span> <span class='ocrx_word' id='word_1_250' title='bbox 912 4434 1054 4498; x_wconf 89' lang='lat' dir='ltr'><strong>martiris</strong></span> <span class='ocrx_word' id='word_1_251' title='bbox 1077 4438 1172 4517; x_wconf 89' lang='lat' dir='ltr'><strong>atqua</strong></span> <span class='ocrx_word' id='word_1_252' title='bbox 1197 4433 1402 4498; x_wconf 87' lang='lat' dir='ltr'><strong>cancellarius</strong></span> <span class='ocrx_word' id='word_1_253' title='bbox 1425 4438 1555 4519; x_wconf 86' lang='lat' dir='ltr'><strong>aposto-</strong></span> 
     </span>
     <span class='ocr_line' id='line_1_31' title="bbox 345 4534 1182 4627; baseline 0.002 -27"><span class='ocrx_word' id='word_1_254' title='bbox 345 4534 426 4600; x_wconf 90' lang='lat' dir='ltr'><strong>licus</strong></span> <span class='ocrx_word' id='word_1_255' title='bbox 452 4535 554 4621; x_wconf 86' lang='lat' dir='ltr'><strong>ipsius</strong></span> <span class='ocrx_word' id='word_1_256' title='bbox 577 4540 688 4601; x_wconf 87' lang='lat' dir='ltr'><strong>nostre</strong></span> <span class='ocrx_word' id='word_1_257' title='bbox 710 4537 927 4604; x_wconf 78' lang='lat' dir='ltr'><strong>uniuersitatis</strong></span> <span class='ocrx_word' id='word_1_258' title='bbox 951 4537 1182 4627; x_wconf 78' lang='lat' dir='ltr'><strong>Tllwingensis.</strong></span> 
     </span>
    </p>
   </div>
   <div class='ocr_carea' id='block_1_4' title="bbox 0 0 1758 5322">
    <p class='ocr_par' dir='ltr' id='par_1_6' title="bbox 0 0 1758 5322">
     <span class='ocr_line' id='line_1_32' title="bbox 0 0 1758 5322; baseline 0 0"><span class='ocrx_word' id='word_1_259' title='bbox 0 0 1758 5322; x_wconf 95' lang='lat' dir='ltr'><strong> </strong></span> 
     </span>
    </p>
   </div>
  </div>
 </body>
</html>
