3460 5314
614 509 729 568 statua
749 512 814 567 nra
834 527 860 565 u.
878 511 954 566 rsoe.
1321 513 1384 580 331

273 677 323 736 l‘l.
346 671 466 738 Statuit
480 673 610 756 insuper
631 672 702 756 ipsa
717 669 861 748 facultas,
885 674 920 734 vt
935 669 975 735 ad
989 671 1156 736 consilium
1180 671 1279 758 recipi
1302 673 1386 738 desi-

183 777 304 856 derans,
327 779 511 863 priusquam
526 778 706 862 recipiatur,
723 777 937 840 iuramentum
953 777 987 840 in
1004 797 1116 841 manas
1133 777 1242 843 decani
1257 777 1387 843 solenne

183 885 311 966 prestet,
339 886 374 946 vt
394 883 553 964 sequitur:
571 884 680 964 primo
703 881 823 946 iurabit
845 880 928 965 quod
946 903 1040 966 super
1055 883 1201 947 omnibus
1216 883 1386 968 propositis

184 986 292 1050 sanius
307 987 476 1052 consilium
490 986 563 1050 dare
579 987 665 1063 velit,
681 989 777 1069 prout
790 1007 847 1050 sua
862 987 1054 1051 conscientia
1070 1009 1164 1071 super
1176 1010 1210 1052 re
1224 988 1387 1073 proposita

183 1091 366 1170 dictaverit,
395 1093 545 1175 Quodque
564 1091 689 1157 Bonum
711 1091 889 1168 facultatis,
919 1092 1073 1156 unitatem
1098 1097 1130 1156 et
1152 1093 1304 1157 honorem
1328 1113 1386 1176 pro

182 1217 272 1280 posse
284 1199 316 1260 et
327 1217 418 1261 nosse
432 1193 623 1281 procurabit,
641 1195 722 1261 ilem
735 1198 818 1281 quod
831 1200 950 1262 secreta
962 1195 1085 1281 consilii
1098 1197 1257 1261 facultatis
1270 1197 1386 1262 artium

182 1305 214 1366 et
232 1323 415 1386 quecunque
430 1300 564 1366 decanus
579 1301 717 1368 eiusdem
730 1302 928 1367 mandauerit
944 1325 1007 1367 non
1021 1303 1153 1368 revelari
1169 1302 1218 1368 vel
1234 1306 1386 1388 perpetuo

186 1407 236 1471 vel
258 1406 296 1471 ad
321 1411 463 1490 tempus,
496 1406 585 1471 iuxta
616 1407 692 1471 facti
715 1407 918 1492 qualitatem,
942 1429 1007 1472 non
1029 1409 1166 1486 revelet,
1197 1406 1278 1473 Item
1301 1407 1385 1492 quod

183 1511 376 1598 Magistrum
399 1511 444 1574 sic
465 1511 515 1576 vel
537 1511 583 1576 sio
606 1511 850 1592 deliberantem,
882 1514 1030 1597 precipue
1054 1513 1088 1576 in
1112 1513 1243 1592 odiosis,
1268 1513 1385 1579 directe

181 1615 230 1680 vel
261 1615 414 1680 indirecte
447 1620 526 1679 nutu
558 1617 608 1681 vel
630 1617 722 1702 signo
754 1639 817 1682 non
847 1617 969 1701 prodat.
1015 1617 1383 1706 Reuerenterdecanum

181 1721 213 1783 et
235 1719 406 1804 Magistros
430 1719 574 1786 Seniores
606 1723 644 1785 de
675 1722 827 1788 facultate
860 1723 1028 1800 tractabit,
1063 1723 1190 1788 Decano
1218 1722 1319 1786 eidem
1350 1721 1384 1784 in

182 1823 244 1888 hiis
267 1845 328 1908 que
350 1825 533 1890 facultatem
558 1831 751 1891 concernunt
766 1827 901 1904 obediat,
926 1826 1064 1893 Vocatus
1080 1828 1216 1912 denique
1232 1848 1250 1890 a
1266 1826 1384 1891 decano

181 1929 239 1993 sub
260 1951 342 2014 pena
366 1931 400 1993 in
423 1930 532 1994 cedula
554 1932 788 1996 conuocationis
812 1932 930 1996 dictatu
954 1931 1003 1995 vel
1024 1931 1172 1998 dictanda
1193 1935 1384 2014 compareat.

179 2034 326 2099 Preterea
347 2035 467 2099 Statuit
490 2034 624 2100 facultas
652 2036 734 2120 quod
758 2035 893 2121 quilibet
919 2038 952 2100 in
977 2036 1128 2102 facultate
1151 2041 1262 2102 contra
1287 2036 1384 2100 alium

181 2139 340 2222 querelam
363 2140 491 2217 faciens,
515 2141 542 2204 is
565 2161 690 2224 quoque
713 2141 861 2205 aduersus
876 2164 969 2224 quem
994 2143 1122 2226 querela
1146 2143 1312 2217 formatur,
1336 2139 1385 2206 vel

178 2245 290 2308 saltem
313 2265 370 2328 pro
394 2267 427 2309 se
449 2250 505 2310 aut
526 2246 588 2310 alio
611 2246 809 2330 supplicans,
841 2267 915 2310 mox
940 2246 956 2309 f
960 2249 1122 2310 armata
1153 2245 1202 2309 vel
1225 2244 1383 2329 supplica-

178 2351 264 2414 tione
297 2351 347 2415 vel
380 2352 507 2434 querela
537 2374 556 2415 a
587 2351 717 2416 consilio
741 2356 846 2428 exeat,
882 2353 979 2416 donec
1017 2350 1126 2435 preuia
1156 2349 1383 2414 deliberacione

180 2454 315 2518 decanus
338 2456 463 2520 duxerit
486 2477 557 2520 eum
580 2457 799 2520 reuocandam.
845 2456 898 2520 lta
921 2460 1039 2533 tamen,
1063 2455 1146 2538 quod
1169 2454 1202 2518 in
1226 2454 1296 2546 alijs
1318 2451 1384 2517 for-

178 2559 261 2624 sitan
287 2563 363 2625 tune
386 2562 556 2646 propositis
579 2561 721 2625 articulis
744 2561 829 2626 Voto
851 2583 908 2626 suo
931 2563 959 2625 is
982 2581 1048 2624 non
1076 2560 1238 2644 spolietur.
1277 2557 1383 2622 Cette-

180 2684 251 2727 ram
273 2661 427 2730 Similiter
448 2665 563 2729 statuit
584 2665 728 2744 facultas,
753 2668 837 2750 quod
861 2667 888 2730 si
911 2671 1041 2732 vocatus
1064 2665 1103 2730 ad
1130 2664 1296 2730 eonsilium
1319 2683 1384 2726 non

178 2770 390 2854 comparuerit
412 2771 462 2835 vel
484 2771 580 2834 etiam
604 2793 660 2854 per
674 2773 833 2856 pedellum
853 2771 973 2858 pluries
991 2772 1133 2856 quesitus
1153 2771 1296 2854 repertus
1320 2789 1383 2830 non

179 2873 330 2952 extiterit,
355 2876 439 2958 quod
462 2877 540 2939 tunc
562 2875 615 2958 alij
639 2881 800 2960 presentes
823 2877 860 2941 de
883 2877 1016 2941 consilio
1033 2874 1241 2940 concludendi
1264 2878 1296 2938 et
1318 2872 1382 2936 dis·

182 2978 320 3061 ponendi
342 2978 484 3043 habeant
504 2978 706 3058 facultatem,
732 2981 780 3046 Ac
802 2982 830 3044 si
853 2981 1001 3046 absentes
1023 2983 1185 3065 presentes
1208 2979 1325 3055 forent,
1348 2975 1383 3042 Si

178 3081 292 3146 saltem
315 3082 395 3146 nulli
419 3083 542 3146 viarum
566 3083 641 3166 quid
664 3084 867 3168 preiudiciale
890 3088 1053 3149 tractetur.

219 3254 274 3320 De
296 3255 550 3322 lectionibus
574 3260 613 3320 ct
636 3258 856 3340 exercitijs
879 3280 937 3342 pro
960 3261 1138 3342 vtroque
1159 3257 1291 3344 gradu
1313 3255 1331 3320 ¹.

267 3399 315 3459 18.
339 3394 459 3460 Statuit
482 3396 615 3461 tacrrltas
638 3397 799 3474 artistica,
831 3397 877 3461 Vt
899 3399 1033 3462 decanus
1058 3397 1145 3463 omni
1168 3418 1252 3461 anno
1275 3396 1313 3460 ad
1337 3395 1384 3458 fe-

180 3503 264 3562 stum
280 3498 310 3564 S.
328 3497 486 3584 Ambrosij
510 3501 555 3584 [4.
569 3500 662 3585 Apa]
686 3502 829 3588 singulos
844 3501 1015 3588 Magistros
1040 3503 1073 3566 in
1097 3501 1249 3566 facultate
1274 3501 1382 3565 eadem

266 3724 381 3797 ¹,ssate
406 3735 456 3790 der
480 3735 554 3790 Titel
576 3733 614 3793 18
638 3735 680 3790 bis
699 3733 739 3793 25
760 3737 812 3792 hat
831 3728 869 3793 B.
889 3736 1033 3807 folgende:

177 3951 235 4017 De
258 3951 524 4018 lectionibus
547 3959 587 4020 et
608 3957 838 4021 exerciciis
868 3959 910 4022 in
945 3958 1083 4024 bursis
1105 3981 1180 4043 pro
1204 3961 1384 4041 veroque

697 4064 853 4148 gradu.

263 4232 302 4296 In
326 4233 474 4298 maiori
499 4234 639 4319 logica
662 4257 754 4302 mane
770 4241 844 4303 ante
860 4239 1027 4323 prandium
1044 4239 1122 4304 hora
1137 4242 1236 4316 sexta,
1260 4227 1378 4302 inam-

179 4338 278 4403 babus
300 4337 413 4402 bursis.

265 4439 303 4504 In
326 4443 473 4526 paruis
496 4445 771 4511 naturalibus
794 4447 873 4512 hora
894 4448 1031 4532 septima
1053 4453 1127 4514 ante
1148 4450 1327 4534 prandium,
1349 4449 1383 4513 in

176 4543 327 4610 ambabus
350 4546 462 4612 bursis.
