3464 5318
345 434 407 499 150
642 431 684 487 33.
704 411 852 488 Ordinatio
870 430 955 500 Regis
973 429 1142 485 Ferdinantli
1164 432 1239 486 1525.

342 662 397 726 De
413 684 511 726 cura
526 659 716 725 Rectoris
732 663 768 723 et
785 658 1092 743 Praeceptorum
1109 681 1207 745 erga
1222 661 1441 725 auditores
1456 684 1547 727 suos

363 770 404 831 et
426 765 619 830 vicissim
642 764 1005 854 auditorum0crga
1027 768 1314 847 praeceptores
1337 766 1515 832 offitiis.

429 904 466 967 In
484 903 596 987 primis
609 903 756 966 Rector
772 903 1003 985 optimatesque
1015 901 1409 970 Vniuersitatisstudeant
1423 929 1547 972 summa

343 1030 411 1092 ope,
435 1012 471 1071 rt
493 1009 641 1092 congruis
664 1006 799 1070 Statutis
830 1011 862 1070 et
894 1007 1005 1070 mediis
1039 1005 1207 1071 cohibeant
1229 1007 1418 1087 AuditoreS,
1449 1033 1488 1074 ne
1510 1015 1546 1075 ut

344 1113 496 1176 hactenus
518 1111 653 1176 nimium
675 1111 810 1176 lasciuus
834 1116 865 1174 et
882 1111 1051 1174 dissolutus
1066 1112 1211 1176 uideatur
1235 1135 1342 1177 eorum
1366 1114 1492 1180 habitus
1515 1122 1547 1181 et

347 1217 443 1281 simul
465 1218 612 1295 incessus,
645 1217 698 1280 sed
721 1215 911 1281 honestioris
933 1215 1123 1280 conditionis
1155 1215 1336 1282 hominibus
1359 1220 1548 1284 conueniens

347 1326 380 1386 et
402 1344 466 1386 non
489 1322 642 1386 uilissimo
665 1322 778 1404 cuique
800 1320 904 1384 satelli
926 1320 1049 1383 similis.
1096 1318 1134 1383 ln
1160 1343 1222 1404 quo
1256 1323 1430 1388 ordinando
1452 1329 1547 1390 utan-

348 1431 402 1491 tur
416 1427 605 1490 discretione
627 1427 792 1509 mediaque
817 1426 871 1489 uia
887 1448 950 1489 non
966 1424 1160 1490 declinantes
1176 1426 1214 1490 ad
1231 1432 1381 1505 extrema,
1406 1429 1547 1495 faciendo

348 1531 445 1595 etiam
468 1531 633 1595 discrimen
658 1531 742 1594 inter
764 1529 940 1594 facultates.
997 1528 1114 1593 Ferant
1146 1534 1253 1595 autem
1275 1533 1309 1595 in
1331 1533 1458 1616 publico
1480 1556 1544 1598 non

348 1637 515 1703 Rhenones
539 1638 606 1701 siue
624 1637 783 1700 Interulas
806 1636 1025 1700 instar-vestis
1050 1637 1088 1699 ad
1113 1635 1318 1718 equitandum
1341 1641 1396 1701 aut
1411 1637 1547 1722 Iternia·

346 1743 495 1806 ciendum
518 1746 646 1826 paratae,
670 1742 726 1804 sed
744 1740 1209 1806 [ndumentaScholasticornm
1223 1739 1383 1805 honestati
1399 1763 1547 1828 congrua,
1648 1807 1653 1817 ,

350 1869 413 1912 non
448 1847 584 1930 scapulis
618 1847 789 1930 pendentia
819 1846 871 1911 sed
905 1845 1025 1909 induta.
1083 1845 1204 1910 larium
1237 1849 1343 1910 tamen
1377 1847 1548 1912 scolaribus

348 1953 524 2038 prasertim
548 1951 718 2016 Nobilibus
749 1956 782 2017 et
804 1952 1031 2016 Medicinarum
1066 1953 1262 2018 auditoribus
1285 1952 1418 2017 Manicis
1449 1954 1547 2031 indui,

352 2056 404 2120 uel
426 2077 501 2133 non,
524 2055 659 2120 liberum
683 2057 734 2120 sit.
780 2055 864 2139 Dum
887 2060 992 2120 tamen
1016 2077 1080 2120 non
1103 2056 1218 2121 librata
1240 2057 1407 2122 discissaue
1429 2058 1471 2122 sit
1492 2056 1549 2121 Di·

351 2161 442 2244 plois.
489 2159 638 2245 Magistri
662 2164 767 2224 autern
783 2160 912 2225 Artium
934 2161 967 2224 in
991 2160 1101 2244 offitijs
1125 2161 1291 2225 constituti
1315 2163 1423 2245 etqui
1448 2163 1550 2227 iurato

352 2265 531 2348 Pauperum
546 2263 714 2348 Stipendia
736 2266 873 2342 aluntur,
897 2287 1068 2348 omnesque
1087 2265 1268 2350 Theologiae
1291 2269 1323 2328 et
1339 2265 1550 2350 Philosophia

356 2369 527 2434 Auditores
551 2369 697 2433 nonnisi
722 2371 841 2436 indutis
863 2370 997 2434 blanicis
1027 2370 1183 2446 incedant,
1214 2372 1428 2455 cuiuscunque
1450 2376 1551 2437 status

352 2479 408 2540 aut
423 2474 613 2538 conditionis
629 2474 756 2540 fuerint.
804 2474 920 2540 Omnes
939 2498 1014 2539 uero
1029 2476 1063 2539 in
1080 2476 1263 2540 uniuersum
1280 2498 1298 2539 a
1314 2476 1552 2540 versicoloribus

349 2585 380 2643 et
402 2579 547 2643 accessis
571 2581 622 2644 uel
647 2578 782 2644 discissis
806 2579 924 2662 Caligis
955 2580 1144 2644 abstineant.
1191 2580 1298 2645 Liceat
1329 2585 1435 2644 tamen
1459 2603 1552 2663 super

349 2684 483 2769 genibus
504 2684 609 2768 gratia
631 2685 850 2749 commodioris
880 2686 1018 2749 incessus
1041 2707 1136 2748 vnam
1159 2689 1286 2748 tantum
1308 2683 1476 2747 scissuram
1499 2684 1548 2746 fa-

349 2810 426 2854 cere.
472 2787 506 2852 Si
529 2789 599 2870 quis
622 2786 737 2853 Ensem
762 2793 818 2853 aut
836 2789 968 2873 Spatam
991 2790 1182 2853 defensionis
1205 2811 1299 2852 causa
1312 2788 1440 2851 deferre
1463 2788 1552 2862 uelit,

351 2895 383 2958 id
406 2893 507 2958 cuiuis
531 2914 655 2978 quoque
677 2896 897 2978 permittatur,
932 2895 1024 2958 modo
1047 2894 1132 2957 ensis
1154 2894 1198 2958 sit
1220 2891 1385 2956 mediocris
1408 2891 1552 2975 longitu-

350 2999 433 3063 dinis
464 3001 495 3062 et
523 3021 589 3063 non
620 3000 779 3064 deferatur
810 3022 896 3064 more
925 2998 1054 3062 militari
1089 3001 1144 3061 aut
1173 2995 1347 3060 satellitum
1382 2997 1466 3058 retro
1498 3015 1551 3056 ex·

351 3107 459 3167 tensus
486 3103 504 3168 ¹.

437 3208 594 3274 Praeterea
615 3210 786 3295 diligenter
805 3209 917 3273 Rector
940 3211 972 3270 et
987 3205 1186 3270 Vniuersitas
1209 3205 1365 3288 praecipue
1387 3205 1456 3268 iure
1478 3225 1553 3267 con·

352 3313 429 3377 sulti
452 3317 484 3376 et
506 3311 615 3379 literas
637 3313 847 3378 humanitatis
871 3313 1054 3396 profitentes
1076 3312 1262 3386 aduertam,
1293 3313 1328 3372 vt
1350 3310 1376 3373 si
1400 3309 1454 3392 qui
1478 3307 1554 3384 sint,

353 3418 407 3500 qui
431 3417 571 3480 studium
594 3417 758 3482 literarum
780 3415 947 3501 negligant
962 3416 1013 3479 uel
1037 3418 1241 3499 postponant,
1264 3415 1477 3498 cuiuscunque
1499 3435 1554 3498 gc-

352 3521 436 3585 neris
459 3522 578 3585 ordinis
600 3525 632 3586 et
654 3521 845 3586 conditionis
861 3521 1008 3595 existant,
1032 3520 1150 3602 absque
1165 3519 1252 3583 omni
1267 3519 1394 3596 dilectu,
1419 3519 1555 3583 maxime

353 3625 564 3692 Ecclesiastici
587 3627 799 3710 inprimisque
814 3624 964 3690 Canonici
987 3629 1019 3689 et
1034 3624 1245 3707 Praebendarij
1269 3623 1417 3687 Ecclesiae
1432 3622 1554 3686 'lubin-

353 3732 476 3816 gensis,
511 3733 565 3815 qui
589 3735 621 3795 et
643 3731 720 3795 alibi
750 3729 929 3795 Sacerdotia
958 3731 1121 3814 possident
1150 3750 1322 3812 eorumque
1344 3731 1501 3811 prouentu
1524 3730 1556 3790 et

353 3834 575 3900 emolumentis
599 3834 651 3898 hic
673 3839 830 3918 praetcxtu
852 3835 948 3918 studij
972 3836 1111 3911 aluntur,
1135 3835 1214 3898 tales
1231 3855 1287 3917 per
1302 3832 1465 3897 Pedellum
1489 3853 1556 3894 mo-

245 3959 250 3973 '
356 3942 427 4017 niti,
451 3941 478 4005 si
500 3962 564 4004 non
589 3940 675 4004 intra
690 3940 808 4005 Mensis
831 3941 973 4025 spacium
998 3939 1147 4004 lectiones
1170 3938 1354 4013 Facultatis
1378 3937 1425 4000 cui
1449 3936 1556 3998 inten-

354 4047 426 4110 dere
449 4046 574 4122 debent,
598 4045 780 4129 frequenter
804 4047 912 4110 audire
934 4045 1090 4128 ceperint,
1121 4044 1187 4107 sint
1210 4043 1280 4126 ipso
1303 4042 1387 4106 facto
1400 4041 1450 4124 ab
1474 4039 1556 4104 Vni-

426 4221 437 4272 1
460 4238 480 4272 s.
500 4219 571 4274 oben
590 4219 616 4273 S.
637 4220 695 4275 106.
731 4219 811 4273 Dicae
832 4215 1095 4273 Kleidervorschn'st
1120 4214 1226 4269 scheint
1250 4215 1310 4270 eine
1333 4211 1557 4284 Specialverord·

357 4324 436 4376 nung
454 4325 487 4360 au
506 4306 579 4370 sein,
607 4306 710 4362 welche
728 4306 819 4375 einige
839 4306 925 4359 Jahre
943 4319 993 4357 vor
1012 4301 1061 4356 der
1078 4301 1226 4357 Ordinatio
1250 4318 1394 4371 ergangcn
1412 4299 1556 4354 derselben

355 4391 521 4447 einverleibt
541 4393 644 4448 warde.
680 4394 803 4464 Moglich
821 4392 858 4446 ist
877 4391 1016 4458 librigena
1035 4389 1098 4442 dass
1111 4388 1149 4443 sie
1168 4387 1334 4458 umgelrehrt
1354 4405 1409 4443 von
1426 4387 1487 4441 bier
1508 4403 1558 4440 aus

356 4478 427 4533 auch
444 4477 475 4532 in
489 4479 555 4548 jene
573 4484 707 4538 Statuten
727 4481 858 4552 Eingang
876 4477 1016 4549 gesunden
1033 4477 1114 4532 habe.
