3460 5314
591 517 707 572 Stetuta
727 518 832 574 147‘111.
847 519 923 575 1505.
1290 525 1353 589 325

157 676 325 764 Organiste
347 681 379 742 et
400 699 472 742 eum
495 677 679 742 iuuantibus
704 676 882 759 quindecim
907 677 1066 759 denarios,
1098 679 1234 747 Sacriste
1256 704 1354 748 vnum

156 783 299 861 solidum,
323 781 500 846 Juuenibus
523 782 667 847 candelas
692 781 853 845 facultatis
874 781 1087 849 deferentibus
1110 807 1206 850 vnum
1220 787 1355 851 solidum

155 888 196 965 b,
220 887 415 971 Pauperibus
439 888 573 972 denique
595 887 743 973 precipue
766 886 945 952 Scolaribus
969 893 1034 954 tres
1056 891 1172 956 solidos
1196 892 1227 955 h.

239 993 365 1058 Placuit
395 997 537 1079 preterea
565 997 600 1058 vt
630 993 806 1076 exequie
837 994 969 1058 honeste
998 997 1090 1079 juxta
1112 995 1252 1061 defuncti
1276 1019 1353 1080 qua·

156 1099 278 1163 litatem
301 1103 496 1184 peragantur
518 1100 565 1164 ita
588 1099 671 1182 quod
694 1120 753 1182 pro
776 1099 929 1162 diuitibus
953 1100 1106 1164 moderati
1129 1105 1273 1184 sumptus
1297 1123 1354 1186 pro

155 1203 292 1268 candelis
314 1208 346 1269 et
368 1205 457 1282 aliis,
482 1225 540 1289 pro
563 1203 753 1289 pauperibus
776 1225 849 1268 vero
872 1225 927 1288 per
956 1204 1139 1269 facultatem
1163 1207 1212 1271 dei
1236 1207 1355 1272 intuitu

155 1309 281 1395 singula
304 1309 522 1394 expendantur
538 1308 557 1372 ¹.

245 1499 257 1537 ¹
282 1501 318 1566 B.
338 1510 410 1564 setzt
428 1510 500 1562 statt
519 1509 566 1563 des
584 1508 701 1564 aweiten
725 1507 782 1562 und
807 1507 914 1562 dritten
933 1508 1067 1564 Absatzes
1085 1527 1140 1566 von
1159 1507 1195 1567 3:

241 1607 323 1674 Item
355 1609 479 1673 missa
509 1608 738 1673 facultatis
769 1612 910 1692 tempore
940 1607 1204 1692 quadragesimali
1232 1609 1289 1672 fiat
1320 1610 1353 1672 in

156 1713 356 1779 monasteriis
389 1713 555 1778 alternatis
589 1712 710 1778 vicibus
740 1717 773 1778 et
801 1713 975 1778 honoretur
999 1717 1172 1778 conuentus
1195 1714 1355 1778 celebrans

154 1821 235 1885 hano
258 1820 388 1883 missam
411 1819 648 1902 quatuordecim
671 1822 726 1884 aut
750 1818 883 1883 sedecim
909 1819 1017 1884 solidis
1039 1840 1097 1902 pro
1118 1819 1265 1902 piscibus

239 1922 323 1989 Item
353 1923 487 1989 decanus
518 1945 557 1990 ex
578 1924 675 1989 officii
697 1924 804 1991 debito
827 1925 936 2010 exigat
957 1945 1054 2010 penas
1077 1946 1096 1988 e
1118 1923 1354 2009 negligentibus

154 2033 304 2095 interesse
327 2028 400 2094 huic
422 2029 525 2093 misse.

239 2132 323 2198 Item
346 2133 493 2199 defuncto
518 2133 719 2218 magistro
742 2133 787 2197 de
810 2132 991 2197 oonsilio
1014 2131 1073 2196 fac.
1098 2135 1170 2197 actu
1201 2131 1354 2196 existente

153 2262 207 2304 sue
230 2238 420 2325 peractionis
444 2239 565 2322 primus
587 2237 740 2321 septimus
763 2242 795 2302 et
818 2237 996 2302 tricesimus
1019 2259 1075 2321 per
1097 2237 1157 2302 lac.
1180 2238 1354 2302 celebretur

153 2348 184 2410 in
219 2345 340 2429 capella
370 2344 585 2409 uniuersitatis
617 2343 675 2407 sub
707 2344 811 2428 prime
843 2343 940 2407 missa
962 2363 1034 2406 cum
1055 2341 1161 2406 officio
1183 2341 1278 2404 misse
1299 2341 1353 2404 de-

153 2450 309 2515 cantando
333 2453 427 2534 atque
448 2447 707 2513 ministrantibus
729 2469 801 2514 curn
824 2447 1026 2512 candelarum
1048 2446 1116 2509 vini
1131 2449 1163 2510 et
1176 2445 1269 2531 panis
1292 2445 1353 2508 im·

154 2556 321 2640 positione.

238 2659 385 2724 Aliorum
421 2679 495 2724 vero
527 2657 747 2721 doctorum
780 2657 819 2720 de
849 2655 980 2722 musilio
1013 2654 1242 2733 uniuersitatis,
1277 2676 1354 2718 ma-

151 2765 384 2851 gistrorum
406 2762 451 2826 de
474 2760 671 2846 regentia
693 2765 734 2824 et
755 2760 1074 2825 scolasticorum
1108 2760 1146 2823 de
1167 2759 1226 2823 fac.
1251 2781 1279 2823 a.
1303 2781 1353 2824 so-

153 2868 199 2933 lus
221 2869 343 2953 primus
367 2867 522 2950 (Zusotar
544 2868 716 2950 peragatur
738 2886 810 2929 eum
833 2864 1035 2950 impositione
1058 2867 1124 2929 vini
1146 2868 1178 2928 et
1204 2864 1320 2949 panis).

238 2971 320 3036 Item
350 2971 478 3036 funus
509 2970 723 3054 predictorum
758 2971 902 3034 omnium
932 2972 1065 3036 ducatur
1095 2993 1165 3034 cum
1196 2972 1265 3033 tota
1293 2968 1352 3033 fac.

154 3081 249 3161 atque
273 3081 408 3160 quatuor
442 3075 578 3140 candelis
610 3077 765 3154 accensis,
797 3075 944 3141 similiter
967 3097 1074 3161 panno
1103 3074 1266 3139 facultatis
1289 3073 1353 3138 fer·

152 3187 218 3247 etro
241 3182 445 3268 supraposito
468 3186 500 3246 et
521 3181 643 3246 solenni
667 3181 865 3266 processione
887 3181 925 3245 ad
949 3181 1053 3246 locum
1074 3181 1244 3264 sepulture.

237 3286 321 3352 Item
336 3286 471 3352 decanus
486 3308 543 3373 per
565 3286 882 3351 intimationem
905 3286 938 3350 in
963 3286 1066 3350 bursis
1089 3285 1249 3362 aetaliae,
1272 3282 1354 3348 sicut

152 3393 212 3458 sibi
235 3394 338 3457 visum
360 3392 458 3457 tuerit
481 3393 636 3477 expedire,
660 3395 811 3457 conuocet
833 3413 941 3456 omnes
965 3390 1135 3476 magistros
1157 3393 1189 3452 et
1211 3389 1352 3467 scolares,

151 3498 321 3583 magistros
355 3497 415 3561 sub
448 3519 531 3581 pena
560 3501 630 3561 octo
660 3496 731 3560 den.
765 3499 797 3559 et
826 3497 961 3560 scolares
991 3495 1050 3558 sub
1079 3516 1162 3579 pena
1192 3493 1284 3557 solidi
1314 3492 1353 3557 ad

150 3599 331 3665 heinsmodi
353 3601 548 3684 peractiones
572 3599 757 3678 Missarum,
782 3601 821 3665 ad
845 3601 933 3665 cuius
960 3621 1039 3684 pene
1062 3599 1276 3664 executionem
1299 3596 1353 3661 de·

152 3728 267 3771 canum
289 3705 434 3769 volumus
457 3727 523 3770 esse
545 3706 720 3770 astrictum.

353 3878 408 3944 De
430 3879 632 3964 expensis
656 3880 695 3944 in
719 3879 872 3945 funere
894 3883 934 3944 et
956 3879 1152 3962 exequijs

239 4017 419 4084 Celebranti
452 4019 582 4085 missam
613 4021 692 4086 duos
734 4021 869 4101 solidos,
915 4017 1188 4098 ministrantibus,
1227 4019 1356 4084 cuilibet

150 4146 249 4189 vnum
271 4124 416 4202 solidum,

237 4226 354 4293 Edituo
382 4251 480 4293 vnum
502 4228 648 4308 solidum,

236 4332 362 4397 Rectori
384 4333 553 4398 scolarium
576 4339 648 4400 octo
672 4336 830 4414 denarios,

239 4435 418 4503 Scolaribus
442 4439 635 4519 habituatis‚
660 4441 805 4506 candelas
829 4439 1042 4505 deferentibus
1064 4444 1096 4504 et
1118 4461 1258 4520 crucem,
1282 4443 1355 4505 ante

152 4546 184 4607 et
208 4541 290 4608 circa
311 4541 417 4624 funus,
441 4545 572 4611 cuilibet
593 4546 615 4630 ij
639 4547 709 4610 den.
