3504 5322
362 412 425 476 420
907 413 1008 470 Bursa.

358 568 435 645 bito,
460 567 680 632 denuntiatum
702 589 776 632 mox
799 576 954 636 arrestare
976 573 1043 637 vice
1065 578 1098 637 et
1121 575 1249 638 uomina
1265 575 1407 641 Rectoris
1435 579 1563 644 vniuer-

358 673 472 737 sitatis.
518 671 607 748 Quod
629 674 656 736 si
680 680 877 756 compertum
901 676 997 742 luerit
1020 679 1186 743 debentem
1209 680 1397 747 denuntiare
1418 683 1563 748 fraudem

358 777 569 856 commisisse,
606 781 642 841 vt
671 799 741 842 reus
772 779 886 844 euadat
908 785 942 846 et
968 781 1116 866 effugiat,
1147 783 1353 866 priusquam
1377 791 1559 867 arrestetur,

358 883 530 948 arbitraria
553 883 708 968 plectetur
733 905 813 966 peua
836 884 1003 971 condigna.
1037 885 1060 951 f.
1086 891 1137 952 90.

790 1055 847 1122 De
877 1058 1132 1124 bursalibus.

447 1197 528 1264 Item
569 1196 789 1262 bursales
829 1198 1016 1283 simpliciter
1056 1200 1171 1264 debent
1211 1202 1338 1267 subesse
1370 1203 1499 1268 Rectori
1534 1213 1568 1268 ct

358 1303 604 1368 conuentoribus
628 1302 721 1367 burse
744 1307 777 1368 et
799 1305 844 1367 eis
869 1305 1007 1369 debitam
1038 1306 1248 1372 reuerenciam
1281 1308 1428 1374 exhibere
1457 1309 1564 1392 eisque

359 1431 468 1494 parere
491 1409 524 1473 in
547 1408 597 1472 his
620 1431 681 1492 que
702 1409 797 1474 barse
819 1415 1015 1476 concernunt
1045 1411 1226 1477 utilitatem.

446 1511 528 1578 Item
556 1513 664 1578 nullus
694 1514 830 1578 bursalis
859 1537 937 1580 ausu
962 1516 1128 1580 temerario
1152 1521 1271 1582 rectore
1293 1522 1349 1582 aut
1371 1521 1562 1582 conuentore

358 1618 452 1683 burae
475 1619 663 1684 contendere
685 1626 858 1703 presumat,
883 1620 1025 1686 conuicia
1048 1621 1085 1686 de
1109 1621 1152 1684 eis
1176 1621 1269 1698 dicat,
1299 1625 1354 1685 aut
1369 1621 1431 1686 alia
1447 1623 1561 1706 quibus

358 1747 431 1789 eum
452 1723 610 1801 offendat,
642 1723 701 1787 sub
723 1745 805 1807 pena
829 1723 925 1789 medii
946 1723 978 1788 fl.
1002 1725 1216 1790 uniuersitatis
1239 1725 1315 1790 fisco
1338 1725 1459 1790 tociens
1481 1747 1561 1808 quo-

358 1829 444 1894 ciens
466 1827 620 1894 soluendi.

445 1933 590 2018 Denique
620 1932 727 1997 nullus
758 1933 887 1997 scolaris
919 1937 975 1998 aut
1003 1933 1221 1999 baccalaureus
1252 1932 1415 1998 facultatis
1445 1935 1563 2000 artium

360 2038 510 2123 quamdiu
544 2041 663 2102 extra
685 2038 852 2102 bursam
880 2037 1001 2102 locatus
1024 2038 1122 2103 fuerit
1147 2038 1324 2124 priuilegiis
1349 2039 1485 2124 gaudere
1508 2045 1563 2104 aut

358 2166 417 2228 pro
451 2144 595 2208 studente
626 2141 710 2206 tueri
743 2141 804 2206 Seu
838 2142 873 2206 iu
906 2142 966 2206 bac
999 2143 1206 2208 uniuersitate
1244 2143 1393 2208 lectiones
1427 2145 1488 2208 sibi
1523 2146 1562 2209 ad

360 2250 495 2336 gradum
518 2248 695 2332 computari
719 2247 767 2312 vel
790 2248 829 2312 ad
853 2249 990 2332 aliquem
1013 2247 1148 2333 gradum
1177 2248 1355 2313 inertibus
1385 2250 1563 2332 promoueri

359 2356 452 2420 debet
475 2353 657 2419 rationabili
681 2375 774 2418 causa
802 2358 959 2432 cessante,
992 2375 1087 2436 quam
1114 2354 1141 2416 si
1166 2375 1221 2436 per
1243 2358 1397 2417 rectorem
1419 2353 1505 2418 vuiu.
1529 2359 1561 2417 et

359 2481 432 2524 suos
466 2480 636 2524 assessores
670 2459 847 2543 approbata
880 2458 985 2523 luerit.
1040 2456 1088 2522 Ex
1117 2457 1251 2522 licencia
1283 2457 1454 2523 eorundem
1487 2460 1561 2522 talis

358 2562 487 2628 scolaris
511 2568 567 2628 eut
589 2564 809 2628 baccalaureus
833 2563 866 2628 in
889 2564 996 2647 aliquo
1020 2563 1082 2628 alio
1101 2564 1169 2628 loco
1184 2563 1317 2628 honesto
1333 2568 1416 2628 stare
1432 2564 1560 2648 poterit,

359 2670 405 2734 ita
427 2673 533 2734 tamen
557 2670 639 2753 quod
663 2669 845 2734 huiusmodi
870 2669 1032 2734 licentiam
1055 2669 1183 2753 scriptis
1206 2667 1323 2733 notarii
1344 2668 1558 2732 uniuersitatis

358 2775 520 2852 ostendat,
549 2775 602 2839 vbi
633 2796 727 2840 causa
758 2774 888 2839 licencie
920 2795 1064 2840 concesse
1094 2797 1163 2841 eum
1194 2795 1279 2839 anuo
1307 2777 1339 2838 et
1360 2773 1409 2836 die
1431 2793 1468 2836 ac
1489 2770 1558 2836 loco

358 2879 465 2942 standi
498 2883 665 2955 notentur,
711 2881 867 2962 quatenus
900 2884 1010 2963 postea
1039 2879 1076 2943 de
1106 2879 1175 2963 ipsa
1205 2879 1336 2944 licencia
1367 2875 1558 2942 luculentius

359 2987 501 3048 constare
523 2983 658 3066 poterit,
690 3005 749 3064 pro
780 2984 942 3067 premissis
973 2989 1079 3049 tamen
1103 2985 1190 3069 prius
1212 3007 1231 3048 a
1253 2983 1404 3049 facrrltate
1425 2981 1558 3045 licencia

358 3089 498 3154 obtenta.

447 3191 602 3258 Volumus
627 3197 734 3258 tamen
765 3193 926 3258 studentes
949 3197 1070 3258 stantes
1093 3194 1176 3279 apud
1199 3197 1345 3277 parentes
1367 3192 1557 3276 consangui-

356 3320 433 3363 neos
463 3298 606 3363 doctores
636 3303 693 3362 aut
723 3299 893 3383 magistros
926 3299 1104 3384 regenciam
1134 3298 1286 3362 babentes
1309 3298 1423 3362 eisdem
1448 3295 1563 3380 quibus

358 3402 500 3467 bursales
533 3404 668 3487 gaudere
707 3403 895 3488 priuilegiis.
948 3402 1049 3488 Super
1087 3403 1174 3468 cuius
1211 3404 1324 3467 statuti
1359 3400 1564 3466 obseruancia

357 3507 503 3591 magistri
519 3508 552 3570 in
568 3506 752 3572 visitacioue
768 3507 934 3572 bursarum
950 3529 983 3572 se
999 3506 1202 3571 denunctiare
1218 3511 1394 3571 teneantur.
1422 3504 1560 3570 Notario

361 3611 490 3695 insuper
511 3612 729 3677 uniuersitatis
761 3635 818 3699 pro
849 3612 950 3676 literis
980 3613 1109 3677 licencie
1132 3612 1311 3676 huiusmodi
1334 3634 1397 3675 non
1422 3609 1560 3694 amplius

360 3738 456 3800 quam
479 3721 544 3782 tres
566 3718 687 3782 denarii
710 3718 816 3782 salarii
839 3718 968 3782 nomine
990 3717 1058 3782 dari
1082 3717 1250 3782 debebunt.

445 3821 477 3886 Is
507 3822 673 3886 dumtaxat
695 3823 728 3886 in
752 3823 846 3887 bursa
874 3826 959 3886 stare
989 3827 1150 3900 censetur,
1182 3823 1237 3906 qui
1267 3823 1301 3886 iu
1331 3823 1386 3886 illa
1408 3825 1444 3885 ut
1466 3841 1558 3884 cen·

357 3927 494 3992 sualis
523 3933 682 4006 moratur,
716 3928 808 3992 burse
831 3949 1012 3992 mensam
1037 3926 1132 3993 babet
1154 3933 1186 3992 et
1208 3951 1244 3992 ea
1267 3928 1388 4003 utitur,
1421 3926 1453 3988 in
1482 3945 1558 3988 con·

357 4034 450 4098 ducta
472 4031 669 4098 habitatione
693 4039 849 4099 nocturno
873 4037 1015 4117 tempore
1038 4034 1187 4115 quiescit,
1212 4032 1363 4098 exercicia
1385 4031 1481 4095 solita
1503 4050 1560 4092 ari-

357 4138 405 4202 dit
427 4138 550 4221 aliaque
572 4137 649 4202 facit
677 4142 709 4202 et
744 4142 909 4224 operatur,
939 4140 1034 4220 prout
1066 4137 1106 4201 ad
1134 4137 1252 4201 incolas
1282 4136 1448 4198 bursarum
1472 4151 1561 4216 spec-

356 4247 424 4308 tare
446 4243 570 4308 videtur
592 4250 623 4308 et
650 4244 816 4328 pertinere.

444 4347 525 4414 Item
563 4350 691 4434 insuper
730 4349 835 4413 nullus
867 4348 1036 4412 scolarium
1069 4350 1159 4410 extra
1188 4345 1315 4408 bursam
1346 4343 1466 4406 locatus
1502 4359 1562 4424 pro

358 4454 464 4538 aliquo
486 4455 589 4541 gradu
611 4461 774 4539 tempus
799 4451 1007 4537 complere
1030 4454 1204 4528 censeatur,
1228 4449 1290 4512 nisi
1313 4453 1346 4512 ct
1369 4447 1409 4511 ab
1435 4445 1562 4509 uniuer-
