3442 5314
336 443 378 508 42
690 441 714 496 8.
733 441 867 498 Statuteu
886 457 950 497 vom
969 443 994 496 9.
1013 439 1078 496 Okt.
1099 439 1175 497 1477.

422 599 504 664 Item
526 601 696 665 statuimus
720 597 802 683 quod
819 597 926 663 nullus
943 598 1043 682 possit
1065 602 1264 683 repetere
1286 599 1421 683 publice,
1446 601 1474 666 si
1496 602 1541 667 sit

336 704 453 770 Ductor
474 705 523 769 vel
539 705 693 792 Magister
716 705 754 770 de
776 703 898 790 gremio
920 704 1051 770 alterius
1076 704 1294 770 uniuersitatis
1316 705 1385 771 sine
1409 705 1540 773 lieentia

335 809 495 875 facultatis
525 811 559 874 in
594 831 656 894 qua
684 809 822 874 intendit
853 813 1003 893 repetere.
1057 808 1185 894 Siquis
1215 815 1322 875 autem
1344 813 1539 878 contrarium

335 914 587 1000 presumpserit,
632 914 758 980 nullum
801 914 1000 1002 suppositum
1033 914 1252 982 uniuersitatis
1295 920 1459 1003 presumat
1489 919 1540 985 in·

334 1025 459 1087 teresse.

482 1249 538 1314 De
560 1248 674 1314 votis
696 1269 766 1332 per
788 1247 1113 1312 uniuersitatem
1137 1247 1396 1332 prestandls.

428 1441 506 1507 Cum
538 1441 680 1506 infinitas
706 1442 814 1506 multis
838 1439 871 1506 in
895 1442 973 1506 iuris
996 1442 1139 1507 articulis
1162 1443 1365 1526 reprobetur,
1397 1445 1542 1511 volumus

340 1551 372 1610 ct
394 1547 583 1626 statuimus,
616 1548 699 1631 quod
722 1568 832 1612 omnes
862 1551 1010 1632 regentes
1031 1547 1066 1611 in
1087 1547 1303 1632 superioribus
1326 1547 1541 1630 facultatibus,

260 1723 263 1728 ,
338 1651 478 1727 Quatuor
508 1652 541 1717 in
578 1652 700 1716 artibus
722 1651 869 1738 Magistri
900 1657 1065 1738 regentes,
1099 1674 1234 1737 quorum
1265 1675 1388 1738 semper
1418 1653 1481 1721 duo
1503 1679 1541 1721 ex

339 1757 523 1844 Collegiatis
554 1757 699 1822 adminus
731 1757 797 1822 sint
825 1781 845 1822 a
875 1757 1027 1823 facultate
1048 1759 1158 1838 electi,
1190 1759 1310 1845 singuli
1343 1760 1381 1825 de
1404 1759 1541 1847 singulis

337 1863 414 1942 viis,
444 1885 507 1927 rna
538 1884 609 1929 oum
632 1862 765 1927 Rectore
787 1863 1002 1927 uniuersitatis
1033 1883 1069 1928 ac
1099 1863 1215 1930 decano
1239 1863 1400 1930 facultatis
1423 1867 1539 1932 artium

341 1969 372 2031 in
398 1968 545 2033 omuibus
568 1968 707 2054 negotiis
721 1967 960 2033 uniuersitatem
972 1968 1242 2049 concernentibus,
1266 1974 1366 2035 totam
1382 1972 1542 2038 uniuer-

339 2071 512 2137 sitatem
536 2077 836 2157 representare
858 2071 1044 2137 habeantet
1060 2078 1286 2156 representari.
1332 2073 1374 2140 Et
1389 2073 1543 2162 quidquid

342 2197 379 2240 ex
396 2178 539 2242 omnirun
554 2178 603 2242 vel
619 2179 746 2244 maioris
762 2179 863 2264 partis
878 2178 1047 2243 eorundem
1069 2178 1152 2243 votis
1175 2179 1385 2258 resultauerit,
1414 2183 1542 2248 firmum

338 2285 466 2347 maneat
492 2287 524 2348 et
554 2288 659 2349 ratum
682 2284 844 2350 habeatur.
890 2282 924 2349 si
953 2305 1026 2348 vero
1049 2283 1194 2368 parilitas
1218 2290 1364 2350 votorum
1387 2289 1540 2370 euenerit,

339 2391 455 2452 extunc
477 2388 623 2453 dominus
645 2387 760 2454 Rector
782 2393 837 2454 aut
861 2389 927 2454 eius
949 2389 1049 2454 vicem
1072 2411 1195 2475 gerens,
1220 2390 1275 2454 vni
1298 2390 1456 2476 partium,
1482 2415 1543 2478 que

340 2492 401 2558 sibi
424 2495 596 2560 secundum
619 2495 847 2562 conscientiam
869 2517 959 2561 suam
974 2495 1134 2560 videbitur
1149 2493 1273 2560 meliori
1288 2496 1412 2561 ratione
1435 2497 1542 2578 inniti,

338 2599 482 2664 accedere
504 2603 599 2684 atque
622 2601 805 2666 concludere
836 2603 949 2685 potest.
996 2597 1114 2676 Quodsi
1145 2600 1252 2684 aliqua
1274 2599 1463 2667 facultatum
1486 2625 1542 2669 ne·

338 2703 463 2789 gligens
491 2704 540 2768 vel
576 2727 704 2790 presens
729 2727 792 2772 non
816 2705 930 2782 fuerit,
961 2705 1085 2770 residue
1115 2710 1221 2790 partes
1256 2707 1322 2771 eius
1344 2708 1544 2794 negligentia

338 2810 405 2874 siue
428 2810 572 2874 absentia
594 2833 658 2876 non
682 2813 838 2890 obstante,
862 2809 1049 2895 procedendi
1072 2815 1168 2895 atque
1183 2811 1388 2877 concludendi
1411 2813 1444 2877 in
1469 2835 1543 2879 cau-
1585 2888 1587 2892 .

341 2915 383 2979 sis
406 2914 643 2981 occurrentibus
670 2916 804 2982 liberam
833 2916 973 2982 habeant
993 2919 1198 3001 potestatem,
1235 2917 1415 2983 huiusmodi
1446 2919 1544 2984 etiarn

338 3019 485 3087 oouclnsa
507 3020 653 3088 absentes
676 3025 746 3087 rata
767 3020 884 3087 babere
906 3024 1085 3086 teneantur.

405 3268 703 3336 duramentum
726 3265 1111 3352 representantium
1135 3261 1476 3332 uniuersitatem.

423 3441 579 3508 durabitis
602 3441 737 3526 primo
762 3440 846 3525 quod
868 3439 994 3525 eligetis
1010 3438 1227 3504 deliberabitis
1243 3444 1275 3505 et
1290 3440 1442 3506 volabitis
1465 3441 1542 3507 fide-

337 3548 412 3613 litcr
444 3548 483 3612 ad
512 3548 666 3612 honorem
699 3545 750 3610 dei
780 3549 812 3609 et
845 3544 1060 3608 uniuersitatis
1089 3544 1262 3609 atilitatem
1295 3549 1327 3609 et
1350 3545 1473 3610 laudem
1497 3547 1548 3612 Ad

337 3653 500 3738 proposita
531 3673 587 3737 per
623 3651 790 3716 Rectorem
827 3649 877 3713 vel
915 3649 981 3713 eius
1015 3649 1120 3715 locum
1156 3653 1334 3729 tenentem
1375 3651 1547 3716 secundum

339 3760 422 3844 quod
445 3760 527 3825 ratio
549 3761 655 3824 vestra
679 3757 788 3835 dictat,
813 3757 932 3821 secluso
948 3777 1053 3821 amore
1076 3756 1147 3820 odio
1163 3756 1266 3841 pretio
1288 3777 1381 3840 prece
1396 3759 1452 3821 aut
1467 3779 1546 3842 quo·

338 3887 463 3948 cunque
491 3863 553 3929 alio
576 3863 726 3928 iuditium
757 3865 958 3947 peruerteute
981 3861 1174 3928 Secundo
1205 3862 1289 3945 quod
1322 3862 1548 3927 conuentiones

338 3969 488 4053 speciales
511 3991 566 4033 seu
588 3967 741 4054 partiales
765 3989 837 4033 cum
859 3967 929 4033 aliis
953 3989 1016 4032 non
1040 3967 1175 4044 faciatis,
1201 3987 1302 4051 neque
1328 3987 1437 4032 vocem
1459 3967 1548 4051 prius

339 4074 533 4159 promittatis
563 4073 614 4138 rel
637 4071 779 4137 vendetis
803 4071 952 4138 Tertio
983 4073 1066 4156 quod
1089 4075 1209 4137 secreta
1231 4071 1448 4136 uniuersitatis
1470 4094 1546 4138 oon-

336 4179 408 4244 silia
442 4183 474 4243 et
508 4178 645 4244 maxime
677 4199 737 4263 que
772 4177 888 4244 Rector
930 4179 1106 4243 decreuerit
1146 4197 1211 4241 non
1247 4177 1434 4254 reuelanda,
1482 4197 1548 4243 non

339 4283 519 4348 reuelabitis
542 4281 700 4358 Quarto
724 4285 807 4369 quod
837 4283 990 4371 parebitis
1021 4283 1165 4350 Rectoris
1188 4284 1347 4350 mandatis
1370 4285 1460 4350 iuxta
1480 4284 1548 4349 for·

339 4409 424 4454 mam
453 4391 646 4454 statutorum
680 4389 839 4466 Quinto
870 4391 953 4475 quod
984 4389 1083 4455 nichil
1113 4389 1345 4475 attemptabitis
1377 4389 1413 4454 in
1445 4390 1549 4456 oonsi-

338 4494 382 4562 lio
405 4493 454 4560 rel
477 4500 583 4575 extra,
619 4496 703 4584 quod
726 4496 770 4561 sit
799 4501 910 4564 contra
939 4501 1059 4563 statum
1083 4494 1217 4564 dominii
1247 4499 1279 4561 et
1313 4494 1549 4562 ordinationem
