3504 5322
351 404 415 468 432
899 403 1000 458 Brueae.

352 560 455 624 lorum
478 581 552 644 pars
575 559 686 641 cuique
708 559 891 632 obuenerit,
915 583 984 624 eam
1006 562 1210 644 singulariter
1233 566 1377 649 respiciet
1400 589 1435 632 ac
1460 590 1553 633 cura-

350 665 408 739 bit,
432 663 578 746 quamuis
595 663 812 728 uniuersorum
829 687 936 729 curam
951 689 1059 751 gerere
1076 667 1195 732 debeat.
1247 669 1399 753 Inprimis
1422 672 1551 751 videbit,

350 791 389 831 ue
413 773 609 852 sumptus
634 769 752 833 faciant
776 771 959 835 immodicos
983 776 1039 836 aut
1065 773 1188 837 vetitos.

349 994 452 1078 Caput
474 993 512 1059 V.
560 994 615 1059 De
638 995 880 1082 Paedagogii
913 997 1233 1063 constitutione
1261 1005 1299 1065 et
1328 1000 1550 1089 Paedagog·

878 1102 1018 1167 archa

435 1292 641 1380 Paedagogio,
676 1293 777 1374 (cuius
804 1295 949 1360 muneris
981 1295 1063 1359 ratio
1087 1295 1119 1360 in
1142 1295 1288 1360 formulis
1312 1299 1550 1365 instaurationis

350 1396 466 1461 scholae
490 1397 530 1461 ab
554 1397 775 1462 Illustrissimo
800 1399 943 1483 principe
965 1404 1073 1463 nostro
1097 1398 1246 1466 Vdalrico
1269 1404 1464 1484 praestituta,
1498 1428 1553 1470 ex-

349 1503 454 1585 posita
473 1504 533 1586 est)
558 1502 611 1585 qui
635 1502 793 1586 prefectus
816 1503 913 1567 luerit
935 1503 975 1568 ab
998 1503 1218 1570 Vniuersitate
1239 1505 1353 1570 sobolae
1376 1509 1470 1573 buius
1492 1510 1552 1574 sli—

346 1605 525 1688 pendioque
555 1607 685 1670 affectus
716 1606 1052 1692 paedagogarcha
1080 1609 1272 1673 nominetur.
1320 1611 1404 1679 Huic
1427 1613 1550 1697 aliquot

347 1710 565 1774 attribuantur
596 1710 758 1796 magistri,
794 1712 849 1795 qui
881 1733 976 1776 onera
1005 1733 1076 1776 cum
1107 1711 1162 1776 illo
1191 1713 1371 1779 sustineant
1401 1718 1545 1801 pueritiae

347 1813 532 1879 erudiendae.
580 1815 605 1880 A
644 1817 759 1906 quibus
801 1818 869 1900 ipse
903 1815 1119 1880 assiduitatem
1154 1816 1310 1901 fidemque
1342 1820 1375 1883 in
1409 1824 1548 1887 curanda

344 1920 480 2002 pueritia
514 1919 576 1984 sibi
606 1921 772 1985 commissa
801 1925 833 1985 et
863 1920 1075 1985 obedientiam
1107 1921 1234 2006 imperii
1263 1924 1313 1987 sui
1336 1924 1489 2010 legittimi
1511 1951 1547 1992 ac

348 2025 554 2109 congruentis
577 2026 617 2089 ad
640 2024 820 2110 Paedagogii
844 2025 1103 2110 constitutionem
1127 2026 1382 2110 instipulabitur.

432 2129 609 2194 Aedium
633 2131 866 2215 assignatarum
889 2129 1077 2216 Paedagogio
1101 2152 1209 2196 curam
1231 2138 1321 2217 geret
1350 2157 1422 2198 cum
1445 2136 1549 2200 occlu-

344 2234 518 2299 dendarum
540 2238 608 2298 tum
632 2236 874 2320 aperiendorum
904 2258 960 2300 suo
982 2239 1134 2319 tempore.
1181 2236 1223 2300 Et
1246 2238 1349 2303 claues
1373 2240 1440 2324 ipse
1462 2245 1550 2305 tene-

347 2339 404 2416 bit,
432 2345 468 2404 vt
492 2340 529 2403 de
551 2340 685 2405 Rectore
708 2341 927 2406 contubernali
949 2344 998 2404 est
1020 2341 1148 2406 dictum.
1195 2342 1334 2408 Puerilia
1356 2343 1461 2408 studia
1484 2351 1549 2409 tam

343 2443 526 2509 litterarum
549 2466 645 2529 quam
668 2445 742 2509 vitae
765 2467 801 2510 ac
824 2467 948 2510 morum
971 2446 1125 2510 tractabit
1148 2451 1179 2511 ct
1203 2447 1374 2512 constituet
1403 2471 1469 2514 non
1498 2471 1548 2514 so-

345 2551 412 2612 lnm
435 2571 491 2613 suo
516 2550 658 2629 arbitrio,
684 2550 736 2614 sed
760 2551 826 2615 eius
849 2572 981 2634 quoque,
1007 2550 1063 2633 qui
1086 2551 1241 2616 rationem
1266 2552 1394 2616 illorum
1409 2553 1548 2636 aliquam

347 2655 383 2718 de
414 2655 586 2718 autoritate
617 2654 740 2718 consilii
769 2655 997 2719 Vniuersitatis
1034 2654 1212 2721 subiecerit.
1265 2655 1360 2721 Hunc
1389 2658 1485 2722 etiam
1514 2666 1549 2722 vt

345 2759 512 2844 praesidem
543 2782 634 2823 suum
663 2759 913 2845 paedagogarcha
941 2759 1099 2844 spectabit
1132 2766 1165 2826 et
1195 2762 1408 2826 venerabitur.
1462 2761 1548 2848 Erga

343 2865 497 2930 discentes
523 2865 643 2928 tardius
667 2869 721 2928 aut
745 2865 932 2941 oscitanter,
956 2887 1092 2951 ergaque
1115 2867 1294 2949 petulantes
1318 2867 1547 2932 ethonestatis

345 2972 542 3055 neglectores
572 2991 629 3054 pro
661 2969 766 3032 delicti
799 2970 892 3033 modo
915 2970 961 3033 ita
983 2991 1016 3032 se
1039 2977 1144 3054 geret,
1175 2976 1209 3035 vt
1232 2994 1341 3037 omnes
1363 2972 1549 3056 intelligant

344 3076 556 3140 animaduerti
588 3075 628 3138 ab
661 3075 728 3159 ipso
753 3075 784 3137 in
809 3075 908 3138 malos
932 3080 963 3138 et
985 3075 1103 3140 inertes
1127 3099 1163 3140 ac
1186 3077 1327 3141 socordes
1352 3080 1474 3141 attente
1496 3099 1547 3140 so·

341 3179 413 3246 lere.
461 3179 498 3244 In
529 3202 652 3244 summa
685 3186 790 3244 tamen
813 3181 983 3243 seueritate
1005 3180 1169 3244 iracundia
1192 3181 1296 3245 aberit
1318 3184 1350 3246 et
1373 3181 1547 3246 moderatio

342 3286 438 3371 digna
461 3286 614 3351 bonarum
638 3285 756 3349 artium
781 3283 958 3368 disciplinis
982 3285 1182 3350 custodietur.

427 3391 476 3455 Ad
501 3413 591 3454 vsrun
616 3390 769 3476 linguae
791 3389 935 3454 latiuae
958 3411 1071 3474 pueros
1088 3391 1225 3456 maxime
1240 3390 1399 3456 locuturos
1421 3393 1453 3457 in
1474 3414 1546 3479 pre·

340 3494 444 3560 sentia
480 3494 580 3578 ipsius
619 3499 675 3558 aut
713 3493 938 3579 magistrorum
974 3493 1148 3560 aliorumue
1185 3495 1349 3560 doctorum
1378 3497 1544 3560 hominum

341 3604 484 3666 accurate
501 3598 637 3662 inducet.
675 3597 858 3684 Improbum
877 3599 1114 3686 refragatorem,
1140 3601 1298 3681 audacem,
1323 3603 1545 3689 neglectorem,

345 3707 397 3770 vbi
421 3709 493 3792 post
516 3705 757 3789 castigationem
780 3705 942 3771 meliorem
965 3729 1028 3771 non
1051 3707 1120 3770 fieri
1148 3710 1273 3784 cernet,
1310 3707 1349 3771 ad
1381 3707 1546 3792 praesidem

339 3833 431 3875 suum
455 3832 569 3875 nomen
593 3809 680 3874 illius
707 3809 834 3875 deferet.

426 3915 464 3980 In
489 3916 660 3981 attributos
682 3915 745 3980 sibi
764 3917 935 4001 magistros
956 3916 1177 3992 monitionum,
1202 3915 1443 4002 obiurgationis,
1468 3918 1544 3983 sub·

337 4020 508 4086 iectiouum
533 4021 580 4084 illi
603 4022 652 4086 ius
675 4025 752 4098 esto,
776 4022 1028 4087 animaduertere
1051 4021 1091 4086 ob
1108 4022 1257 4088 delictum
1275 4044 1339 4086 non
1363 4023 1465 4102 liceat,
1490 4023 1545 4087 sed

339 4126 397 4192 hoc
420 4131 615 4192 reseruatum
638 4132 704 4192 esto
728 4129 853 4213 praesidi
877 4127 993 4212 ipsius,
1022 4149 1124 4210 aquo
1147 4128 1203 4192 fiat
1226 4128 1264 4192 de
1286 4128 1446 4192 sententia
1467 4150 1544 4193 con·

337 4232 402 4296 silii
424 4232 652 4298 Vniuersitatis
676 4231 769 4296 buius
795 4231 918 4296 scholae.

424 4335 679 4422 Paedagogarcha
694 4337 759 4421 ipse
776 4336 886 4420 illique
901 4335 1049 4399 attributi
1067 4336 1215 4420 magistri
1238 4337 1284 4401 ad
1308 4335 1500 4422 collegiu
1512 4358 1544 4400 m

336 4442 636 4528 magistrorum
668 4443 826 4527 pertinere
857 4443 1022 4517 constant,
1059 4463 1161 4525 neque
1185 4441 1353 4526 quiequam
1378 4441 1461 4505 inter
1485 4441 1542 4504 hos
