<?xml version="1.0" encoding="UTF-8"?>
<!DOCTYPE html PUBLIC "-//W3C//DTD XHTML 1.0 Transitional//EN"
    "http://www.w3.org/TR/xhtml1/DTD/xhtml1-transitional.dtd">
<html xmlns="http://www.w3.org/1999/xhtml" xml:lang="en" lang="en">
 <head>
  <title>
</title>
<meta http-equiv="Content-Type" content="text/html;charset=utf-8" />
  <meta name='ocr-system' content='tesseract 3.04.00' />
  <meta name='ocr-capabilities' content='ocr_page ocr_carea ocr_par ocr_line ocrx_word'/>
</head>
<body>
  <div class='ocr_page' id='page_1' title='image "./urkundenzurgesc00tbgoog_0304.png"; bbox 0 0 3460 5314; ppageno 0'>
   <div class='ocr_carea' id='block_1_1' title="bbox 792 503 1075 562">
    <p class='ocr_par' dir='ltr' id='par_1_1' title="bbox 792 503 1075 562">
     <span class='ocr_line' id='line_1_1' title="bbox 792 503 1075 562; baseline 0.004 -2"><span class='ocrx_word' id='word_1_1' title='bbox 792 503 923 562; x_wconf 78' lang='lat' dir='ltr'><strong>Facultas</strong></span> <span class='ocrx_word' id='word_1_2' title='bbox 942 503 1075 562; x_wconf 84' lang='lat' dir='ltr'><strong>Juridica.</strong></span> 
     </span>
    </p>
   </div>
   <div class='ocr_carea' id='block_1_2' title="bbox 338 665 1544 3800">
    <p class='ocr_par' dir='ltr' id='par_1_2' title="bbox 467 665 1192 752">
     <span class='ocr_line' id='line_1_2' title="bbox 467 665 1192 752; baseline 0.003 -21"><span class='ocrx_word' id='word_1_3' title='bbox 467 667 555 733; x_wconf 90' lang='lat' dir='ltr'><strong>Petri</strong></span> <span class='ocrx_word' id='word_1_4' title='bbox 578 665 759 732; x_wconf 86' lang='lat' dir='ltr'><strong>Catbedrae.</strong></span> <span class='ocrx_word' id='word_1_5' title='bbox 806 666 978 752; x_wconf 71' lang='lat' dir='ltr'><strong>Ambrosii.</strong></span> <span class='ocrx_word' id='word_1_6' title='bbox 1023 666 1192 733; x_wconf 74' lang='lat' dir='ltr'><strong>Barbarae.</strong></span> 
     </span>
    </p>

    <p class='ocr_par' dir='ltr' id='par_1_3' title="bbox 382 769 1370 1384">
     <span class='ocr_line' id='line_1_3' title="bbox 382 769 812 836; baseline 0 -2"><span class='ocrx_word' id='word_1_7' title='bbox 382 773 387 784; x_wconf 84' lang='lat'>&#39;</span> <span class='ocrx_word' id='word_1_8' title='bbox 468 770 646 836; x_wconf 83' lang='lat' dir='ltr'><strong>Trinitatis.</strong></span> <span class='ocrx_word' id='word_1_9' title='bbox 692 769 812 836; x_wconf 89' lang='lat' dir='ltr'><strong>Iuonis.</strong></span> 
     </span>
     <span class='ocr_line' id='line_1_4' title="bbox 467 875 1370 964; baseline 0.001 -23"><span class='ocrx_word' id='word_1_10' title='bbox 467 875 670 941; x_wconf 88' lang='lat' dir='ltr'><strong>Visitationie</strong></span> <span class='ocrx_word' id='word_1_11' title='bbox 692 875 820 941; x_wconf 88' lang='lat' dir='ltr'><strong>Mariae.</strong></span> <span class='ocrx_word' id='word_1_12' title='bbox 854 876 1008 943; x_wconf 88' lang='lat' dir='ltr'><strong>Vndccim</strong></span> <span class='ocrx_word' id='word_1_13' title='bbox 1029 877 1166 942; x_wconf 91' lang='lat' dir='ltr'><strong>millium</strong></span> <span class='ocrx_word' id='word_1_14' title='bbox 1188 877 1370 964; x_wconf 90' lang='lat' dir='ltr'><strong>Virginum.</strong></span> 
     </span>
     <span class='ocr_line' id='line_1_5' title="bbox 471 979 1088 1045; baseline 0 -1"><span class='ocrx_word' id='word_1_15' title='bbox 471 979 740 1044; x_wconf 85' lang='lat' dir='ltr'><strong>Annunciationis</strong></span> <span class='ocrx_word' id='word_1_16' title='bbox 764 979 892 1044; x_wconf 86' lang='lat' dir='ltr'><strong>Mariae.</strong></span> <span class='ocrx_word' id='word_1_17' title='bbox 938 979 1088 1045; x_wconf 86' lang='lat' dir='ltr'><strong>Vdalrici.</strong></span> 
     </span>
     <span class='ocr_line' id='line_1_6' title="bbox 465 1084 1351 1169; baseline -0.002 -18"><span class='ocrx_word' id='word_1_18' title='bbox 465 1086 606 1169; x_wconf 87' lang='lat' dir='ltr'><strong>Mauritij</strong></span> <span class='ocrx_word' id='word_1_19' title='bbox 629 1084 778 1150; x_wconf 90' lang='lat' dir='ltr'><strong>Othmari</strong></span> <span class='ocrx_word' id='word_1_20' title='bbox 800 1084 933 1150; x_wconf 87' lang='lat' dir='ltr'><strong>Nicolai.</strong></span> <span class='ocrx_word' id='word_1_21' title='bbox 980 1084 1132 1151; x_wconf 89' lang='lat' dir='ltr'><strong>Omnium</strong></span> <span class='ocrx_word' id='word_1_22' title='bbox 1154 1084 1351 1150; x_wconf 80' lang='lat' dir='ltr'><strong>Sanctorum.</strong></span> 
     </span>
     <span class='ocr_line' id='line_1_7' title="bbox 471 1188 1095 1276; baseline 0.003 -22"><span class='ocrx_word' id='word_1_23' title='bbox 471 1190 544 1255; x_wconf 85' lang='lat' dir='ltr'>Dies</span> <span class='ocrx_word' id='word_1_24' title='bbox 568 1189 653 1256; x_wconf 82' lang='lat' dir='ltr'><strong>Festi</strong></span> <span class='ocrx_word' id='word_1_25' title='bbox 679 1188 779 1256; x_wconf 87' lang='lat' dir='ltr'><strong>Diuae</strong></span> <span class='ocrx_word' id='word_1_26' title='bbox 802 1190 921 1256; x_wconf 84' lang='lat' dir='ltr'><strong>Mariae</strong></span> <span class='ocrx_word' id='word_1_27' title='bbox 942 1189 1095 1276; x_wconf 82' lang='lat' dir='ltr'><strong>Virginis.</strong></span> 
     </span>
     <span class='ocr_line' id='line_1_8' title="bbox 466 1295 1294 1384; baseline -0.001 -23"><span class='ocrx_word' id='word_1_28' title='bbox 466 1297 649 1384; x_wconf 72' lang='lat' dir='ltr'><strong>Augustini.</strong></span> <span class='ocrx_word' id='word_1_29' title='bbox 696 1297 909 1362; x_wconf 82' lang='lat' dir='ltr'><strong>Exaltationis</strong></span> <span class='ocrx_word' id='word_1_30' title='bbox 932 1295 1048 1363; x_wconf 80' lang='lat' dir='ltr'><strong>Omcis.</strong></span> <span class='ocrx_word' id='word_1_31' title='bbox 1094 1297 1294 1362; x_wconf 85' lang='lat' dir='ltr'><strong>Animarum.</strong></span> 
     </span>
    </p>

    <p class='ocr_par' dir='ltr' id='par_1_4' title="bbox 339 1401 1539 1888">
     <span class='ocr_line' id='line_1_9' title="bbox 426 1401 1538 1480; baseline 0.002 -14"><span class='ocrx_word' id='word_1_32' title='bbox 426 1401 468 1467; x_wconf 82' lang='lat' dir='ltr'><strong>Et</strong></span> <span class='ocrx_word' id='word_1_33' title='bbox 490 1402 518 1466; x_wconf 91' lang='lat' dir='ltr'><strong>si</strong></span> <span class='ocrx_word' id='word_1_34' title='bbox 539 1401 741 1467; x_wconf 86' lang='lat' dir='ltr'><strong>Vniuersitas</strong></span> <span class='ocrx_word' id='word_1_35' title='bbox 764 1403 889 1469; x_wconf 84' lang='lat' dir='ltr'><strong>duxerit</strong></span> <span class='ocrx_word' id='word_1_36' title='bbox 911 1403 988 1468; x_wconf 83' lang='lat' dir='ltr'><strong>alias</strong></span> <span class='ocrx_word' id='word_1_37' title='bbox 1010 1403 1200 1468; x_wconf 86' lang='lat' dir='ltr'><strong>ordinandas</strong></span> <span class='ocrx_word' id='word_1_38' title='bbox 1223 1425 1288 1468; x_wconf 86' lang='lat' dir='ltr'><strong>esse</strong></span> <span class='ocrx_word' id='word_1_39' title='bbox 1310 1402 1421 1480; x_wconf 75' lang='lat' dir='ltr'><strong>ferires,</strong></span> <span class='ocrx_word' id='word_1_40' title='bbox 1454 1402 1538 1468; x_wconf 88' lang='lat' dir='ltr'><strong>Item</strong></span> 
     </span>
     <span class='ocr_line' id='line_1_10' title="bbox 341 1507 1534 1593; baseline -0.001 -20"><span class='ocrx_word' id='word_1_41' title='bbox 341 1509 420 1574; x_wconf 87' lang='lat' dir='ltr'><strong>feria</strong></span> <span class='ocrx_word' id='word_1_42' title='bbox 444 1507 566 1592; x_wconf 89' lang='lat' dir='ltr'><strong>quinta,</strong></span> <span class='ocrx_word' id='word_1_43' title='bbox 590 1507 734 1573; x_wconf 90' lang='lat' dir='ltr'><strong>videlicet</strong></span> <span class='ocrx_word' id='word_1_44' title='bbox 757 1508 822 1572; x_wconf 89' lang='lat' dir='ltr'><strong>dies</strong></span> <span class='ocrx_word' id='word_1_45' title='bbox 838 1507 928 1573; x_wconf 89' lang='lat' dir='ltr'><strong>Jouis</strong></span> <span class='ocrx_word' id='word_1_46' title='bbox 949 1529 1071 1593; x_wconf 83' lang='lat' dir='ltr'>semper</span> <span class='ocrx_word' id='word_1_47' title='bbox 1092 1507 1143 1572; x_wconf 86' lang='lat' dir='ltr'><strong>his</strong></span> <span class='ocrx_word' id='word_1_48' title='bbox 1165 1512 1398 1584; x_wconf 75' lang='lat' dir='ltr'><strong>annumeretur,</strong></span> <span class='ocrx_word' id='word_1_49' title='bbox 1422 1530 1534 1592; x_wconf 89' lang='lat' dir='ltr'><strong>quam·</strong></span> 
     </span>
     <span class='ocr_line' id='line_1_11' title="bbox 339 1611 1539 1698; baseline 0 -20"><span class='ocrx_word' id='word_1_50' title='bbox 339 1613 389 1678; x_wconf 88' lang='lat' dir='ltr'><strong>uis</strong></span> <span class='ocrx_word' id='word_1_51' title='bbox 413 1613 509 1677; x_wconf 88' lang='lat' dir='ltr'><strong>etiam</strong></span> <span class='ocrx_word' id='word_1_52' title='bbox 533 1611 622 1691; x_wconf 85' lang='lat' dir='ltr'><strong>aliae,</strong></span> <span class='ocrx_word' id='word_1_53' title='bbox 646 1613 728 1678; x_wconf 85' lang='lat' dir='ltr'><strong>forte</strong></span> <span class='ocrx_word' id='word_1_54' title='bbox 742 1613 783 1678; x_wconf 95' lang='lat' dir='ltr'><strong>ob</strong></span> <span class='ocrx_word' id='word_1_55' title='bbox 798 1613 1035 1696; x_wconf 80' lang='lat' dir='ltr'><strong>disputationes,</strong></span> <span class='ocrx_word' id='word_1_56' title='bbox 1060 1613 1110 1678; x_wconf 89' lang='lat' dir='ltr'><strong>uel</strong></span> <span class='ocrx_word' id='word_1_57' title='bbox 1126 1617 1212 1677; x_wconf 88' lang='lat' dir='ltr'><strong>certa</strong></span> <span class='ocrx_word' id='word_1_58' title='bbox 1226 1613 1362 1698; x_wconf 88' lang='lat' dir='ltr'><strong>negotia,</strong></span> <span class='ocrx_word' id='word_1_59' title='bbox 1388 1613 1539 1679; x_wconf 83' lang='lat' dir='ltr'><strong>lectiones</strong></span> 
     </span>
     <span class='ocr_line' id='line_1_12' title="bbox 343 1718 1539 1804; baseline 0 -20"><span class='ocrx_word' id='word_1_60' title='bbox 343 1719 376 1784; x_wconf 88' lang='lat' dir='ltr'><strong>in</strong></span> <span class='ocrx_word' id='word_1_61' title='bbox 399 1740 435 1783; x_wconf 92' lang='lat' dir='ltr'><strong>ea</strong></span> <span class='ocrx_word' id='word_1_62' title='bbox 457 1719 634 1804; x_wconf 89' lang='lat' dir='ltr'><strong>septimana</strong></span> <span class='ocrx_word' id='word_1_63' title='bbox 657 1718 778 1783; x_wconf 83' lang='lat' dir='ltr'><strong>fuerint</strong></span> <span class='ocrx_word' id='word_1_64' title='bbox 799 1719 1005 1796; x_wconf 74' lang='lat' dir='ltr'><strong>intermissae,</strong></span> <span class='ocrx_word' id='word_1_65' title='bbox 1029 1718 1079 1783; x_wconf 90' lang='lat' dir='ltr'><strong>uel</strong></span> <span class='ocrx_word' id='word_1_66' title='bbox 1102 1718 1208 1802; x_wconf 89' lang='lat' dir='ltr'><strong>plures</strong></span> <span class='ocrx_word' id='word_1_67' title='bbox 1230 1719 1325 1782; x_wconf 87' lang='lat' dir='ltr'><strong>etiam</strong></span> <span class='ocrx_word' id='word_1_68' title='bbox 1347 1718 1381 1781; x_wconf 89' lang='lat' dir='ltr'><strong>in</strong></span> <span class='ocrx_word' id='word_1_69' title='bbox 1404 1720 1539 1784; x_wconf 88' lang='lat' dir='ltr'><strong>eandem</strong></span> 
     </span>
     <span class='ocr_line' id='line_1_13' title="bbox 348 1823 894 1888; baseline 0 -1"><span class='ocrx_word' id='word_1_70' title='bbox 348 1823 575 1888; x_wconf 86' lang='lat' dir='ltr'><strong>hebdomadam</strong></span> <span class='ocrx_word' id='word_1_71' title='bbox 598 1823 767 1888; x_wconf 80' lang='lat' dir='ltr'><strong>inciderint</strong></span> <span class='ocrx_word' id='word_1_72' title='bbox 789 1824 894 1888; x_wconf 78' lang='lat' dir='ltr'><strong>feriae.</strong></span> 
     </span>
    </p>

    <p class='ocr_par' dir='ltr' id='par_1_5' title="bbox 338 1928 1541 2434">
     <span class='ocr_line' id='line_1_14' title="bbox 426 1928 1540 2015; baseline 0.001 -22"><span class='ocrx_word' id='word_1_73' title='bbox 426 1929 489 2005; x_wconf 82' lang='lat' dir='ltr'><strong>Qui</strong></span> <span class='ocrx_word' id='word_1_74' title='bbox 511 1930 674 1996; x_wconf 89' lang='lat' dir='ltr'><strong>intersunt</strong></span> <span class='ocrx_word' id='word_1_75' title='bbox 695 1929 822 2015; x_wconf 87' lang='lat' dir='ltr'><strong>priuato</strong></span> <span class='ocrx_word' id='word_1_76' title='bbox 844 1929 1002 2008; x_wconf 84' lang='lat' dir='ltr'><strong>Examini,</strong></span> <span class='ocrx_word' id='word_1_77' title='bbox 1026 1951 1090 1994; x_wconf 93' lang='lat' dir='ltr'><strong>non</strong></span> <span class='ocrx_word' id='word_1_78' title='bbox 1113 1929 1216 1995; x_wconf 93' lang='lat' dir='ltr'><strong>solum</strong></span> <span class='ocrx_word' id='word_1_79' title='bbox 1237 1951 1273 1994; x_wconf 90' lang='lat' dir='ltr'><strong>eo</strong></span> <span class='ocrx_word' id='word_1_80' title='bbox 1295 1930 1363 2012; x_wconf 88' lang='lat' dir='ltr'><strong>ipso</strong></span> <span class='ocrx_word' id='word_1_81' title='bbox 1386 1928 1454 2004; x_wconf 89' lang='lat' dir='ltr'><strong>die,</strong></span> <span class='ocrx_word' id='word_1_82' title='bbox 1485 1929 1540 1994; x_wconf 91' lang='lat' dir='ltr'><strong>sed</strong></span> 
     </span>
     <span class='ocr_line' id='line_1_15' title="bbox 341 2034 1541 2113; baseline -0.001 -14"><span class='ocrx_word' id='word_1_83' title='bbox 341 2056 399 2099; x_wconf 88' lang='lat' dir='ltr'><strong>nec</strong></span> <span class='ocrx_word' id='word_1_84' title='bbox 420 2034 526 2099; x_wconf 90' lang='lat' dir='ltr'><strong>minus</strong></span> <span class='ocrx_word' id='word_1_85' title='bbox 551 2035 601 2101; x_wconf 91' lang='lat' dir='ltr'><strong>die</strong></span> <span class='ocrx_word' id='word_1_86' title='bbox 616 2034 707 2100; x_wconf 87' lang='lat' dir='ltr'><strong>Jouis</strong></span> <span class='ocrx_word' id='word_1_87' title='bbox 730 2035 868 2100; x_wconf 87' lang='lat' dir='ltr'><strong>eiusdem</strong></span> <span class='ocrx_word' id='word_1_88' title='bbox 886 2035 1098 2101; x_wconf 80' lang='lat' dir='ltr'><strong>hebdomadae</strong></span> <span class='ocrx_word' id='word_1_89' title='bbox 1120 2059 1139 2099; x_wconf 91' lang='lat' dir='ltr'><strong>a</strong></span> <span class='ocrx_word' id='word_1_90' title='bbox 1160 2036 1294 2100; x_wconf 87' lang='lat' dir='ltr'><strong>lectione</strong></span> <span class='ocrx_word' id='word_1_91' title='bbox 1309 2041 1458 2113; x_wconf 85' lang='lat' dir='ltr'><strong>cessante,</strong></span> <span class='ocrx_word' id='word_1_92' title='bbox 1482 2055 1541 2098; x_wconf 86' lang='lat' dir='ltr'><strong>nec</strong></span> 
     </span>
     <span class='ocr_line' id='line_1_16' title="bbox 345 2139 1538 2226; baseline 0.002 -24"><span class='ocrx_word' id='word_1_93' title='bbox 345 2139 443 2204; x_wconf 77' lang='lat' dir='ltr'><strong>refert</strong></span> <span class='ocrx_word' id='word_1_94' title='bbox 464 2139 519 2204; x_wconf 90' lang='lat' dir='ltr'><strong>sed</strong></span> <span class='ocrx_word' id='word_1_95' title='bbox 540 2140 622 2204; x_wconf 89' lang='lat' dir='ltr'><strong>idem</strong></span> <span class='ocrx_word' id='word_1_96' title='bbox 646 2145 694 2205; x_wconf 88' lang='lat' dir='ltr'><strong>est</strong></span> <span class='ocrx_word' id='word_1_97' title='bbox 716 2142 782 2206; x_wconf 88' lang='lat' dir='ltr'><strong>siue</strong></span> <span class='ocrx_word' id='word_1_98' title='bbox 797 2164 854 2226; x_wconf 90' lang='lat' dir='ltr'><strong>pro</strong></span> <span class='ocrx_word' id='word_1_99' title='bbox 870 2141 1096 2218; x_wconf 86' lang='lat' dir='ltr'><strong>Baccalaureis,</strong></span> <span class='ocrx_word' id='word_1_100' title='bbox 1121 2141 1188 2207; x_wconf 89' lang='lat' dir='ltr'><strong>siue</strong></span> <span class='ocrx_word' id='word_1_101' title='bbox 1207 2165 1265 2226; x_wconf 91' lang='lat' dir='ltr'><strong>pro</strong></span> <span class='ocrx_word' id='word_1_102' title='bbox 1280 2141 1462 2207; x_wconf 87' lang='lat' dir='ltr'><strong>Licentiatis</strong></span> <span class='ocrx_word' id='word_1_103' title='bbox 1485 2141 1538 2204; x_wconf 83' lang='lat' dir='ltr'><strong>uel</strong></span> 
     </span>
     <span class='ocr_line' id='line_1_17' title="bbox 340 2242 1540 2332; baseline 0.001 -24"><span class='ocrx_word' id='word_1_104' title='bbox 340 2242 529 2310; x_wconf 76' lang='lat' dir='ltr'><strong>Ductoribus</strong></span> <span class='ocrx_word' id='word_1_105' title='bbox 552 2246 782 2332; x_wconf 76' lang='lat' dir='ltr'><strong>insigniendis,</strong></span> <span class='ocrx_word' id='word_1_106' title='bbox 813 2247 906 2313; x_wconf 92' lang='lat' dir='ltr'><strong>modo</strong></span> <span class='ocrx_word' id='word_1_107' title='bbox 928 2247 962 2310; x_wconf 91' lang='lat' dir='ltr'><strong>in</strong></span> <span class='ocrx_word' id='word_1_108' title='bbox 991 2245 1204 2332; x_wconf 85' lang='lat' dir='ltr'><strong>superioribus</strong></span> <span class='ocrx_word' id='word_1_109' title='bbox 1232 2246 1479 2330; x_wconf 81' lang='lat' dir='ltr'><strong>professionibus</strong></span> <span class='ocrx_word' id='word_1_110' title='bbox 1501 2267 1540 2309; x_wconf 88' lang='lat' dir='ltr'><strong>eo</strong></span> 
     </span>
     <span class='ocr_line' id='line_1_18' title="bbox 338 2349 675 2434; baseline 0.006 -20"><span class='ocrx_word' id='word_1_111' title='bbox 338 2349 400 2414; x_wconf 89' lang='lat' dir='ltr'><strong>fine</strong></span> <span class='ocrx_word' id='word_1_112' title='bbox 422 2349 588 2434; x_wconf 85' lang='lat' dir='ltr'><strong>inquisitio</strong></span> <span class='ocrx_word' id='word_1_113' title='bbox 609 2351 675 2416; x_wconf 86' lang='lat' dir='ltr'><strong>fiat.</strong></span> 
     </span>
    </p>

    <p class='ocr_par' dir='ltr' id='par_1_6' title="bbox 339 2454 1542 3172">
     <span class='ocr_line' id='line_1_19' title="bbox 427 2454 1538 2544; baseline 0.001 -25"><span class='ocrx_word' id='word_1_114' title='bbox 427 2454 509 2520; x_wconf 86' lang='lat' dir='ltr'><strong>Item</strong></span> <span class='ocrx_word' id='word_1_115' title='bbox 531 2454 649 2522; x_wconf 92' lang='lat' dir='ltr'><strong>Doctor</strong></span> <span class='ocrx_word' id='word_1_116' title='bbox 673 2458 800 2544; x_wconf 89' lang='lat' dir='ltr'><strong>legens,</strong></span> <span class='ocrx_word' id='word_1_117' title='bbox 829 2459 898 2522; x_wconf 82' lang='lat' dir='ltr'><strong>loco</strong></span> <span class='ocrx_word' id='word_1_118' title='bbox 921 2457 1083 2541; x_wconf 77' lang='lat' dir='ltr'><strong>neglectae</strong></span> <span class='ocrx_word' id='word_1_119' title='bbox 1105 2455 1259 2534; x_wconf 86' lang='lat' dir='ltr'><strong>lectionis,</strong></span> <span class='ocrx_word' id='word_1_120' title='bbox 1283 2460 1388 2540; x_wconf 86' lang='lat' dir='ltr'><strong>potest</strong></span> <span class='ocrx_word' id='word_1_121' title='bbox 1412 2456 1538 2520; x_wconf 85' lang='lat' dir='ltr'><strong>audito·</strong></span> 
     </span>
     <span class='ocr_line' id='line_1_20' title="bbox 339 2560 1542 2648; baseline 0.002 -25"><span class='ocrx_word' id='word_1_122' title='bbox 339 2560 427 2624; x_wconf 85' lang='lat' dir='ltr'><strong>ribus</strong></span> <span class='ocrx_word' id='word_1_123' title='bbox 450 2561 566 2625; x_wconf 91' lang='lat' dir='ltr'><strong>circum</strong></span> <span class='ocrx_word' id='word_1_124' title='bbox 589 2584 621 2627; x_wconf 89' lang='lat' dir='ltr'><strong>se</strong></span> <span class='ocrx_word' id='word_1_125' title='bbox 644 2563 694 2628; x_wconf 90' lang='lat' dir='ltr'><strong>uel</strong></span> <span class='ocrx_word' id='word_1_126' title='bbox 718 2564 756 2628; x_wconf 85' lang='lat' dir='ltr'><strong>ad</strong></span> <span class='ocrx_word' id='word_1_127' title='bbox 776 2584 809 2628; x_wconf 88' lang='lat' dir='ltr'><strong>se</strong></span> <span class='ocrx_word' id='word_1_128' title='bbox 824 2561 1032 2648; x_wconf 88' lang='lat' dir='ltr'><strong>congregatis,</strong></span> <span class='ocrx_word' id='word_1_129' title='bbox 1055 2561 1193 2646; x_wconf 89' lang='lat' dir='ltr'><strong>lepidam</strong></span> <span class='ocrx_word' id='word_1_130' title='bbox 1208 2562 1367 2644; x_wconf 87' lang='lat' dir='ltr'><strong>quandam</strong></span> <span class='ocrx_word' id='word_1_131' title='bbox 1383 2564 1414 2625; x_wconf 87' lang='lat' dir='ltr'><strong>et</strong></span> <span class='ocrx_word' id='word_1_132' title='bbox 1428 2561 1542 2625; x_wconf 92' lang='lat' dir='ltr'><strong>utilem</strong></span> 
     </span>
     <span class='ocr_line' id='line_1_21' title="bbox 341 2664 1541 2751; baseline -0.002 -21"><span class='ocrx_word' id='word_1_133' title='bbox 341 2687 379 2730; x_wconf 87' lang='lat' dir='ltr'><strong>ex</strong></span> <span class='ocrx_word' id='word_1_134' title='bbox 394 2664 471 2730; x_wconf 90' lang='lat' dir='ltr'><strong>Jure</strong></span> <span class='ocrx_word' id='word_1_135' title='bbox 486 2665 743 2751; x_wconf 85' lang='lat' dir='ltr'><strong>Disputationem</strong></span> <span class='ocrx_word' id='word_1_136' title='bbox 767 2690 894 2733; x_wconf 89' lang='lat' dir='ltr'><strong>mouere</strong></span> <span class='ocrx_word' id='word_1_137' title='bbox 917 2672 949 2732; x_wconf 89' lang='lat' dir='ltr'><strong>et</strong></span> <span class='ocrx_word' id='word_1_138' title='bbox 963 2688 1138 2751; x_wconf 88' lang='lat' dir='ltr'><strong>proponere</strong></span> <span class='ocrx_word' id='word_1_139' title='bbox 1153 2669 1185 2730; x_wconf 91' lang='lat' dir='ltr'><strong>et</strong></span> <span class='ocrx_word' id='word_1_140' title='bbox 1208 2687 1278 2730; x_wconf 91' lang='lat' dir='ltr'><strong>cum</strong></span> <span class='ocrx_word' id='word_1_141' title='bbox 1301 2665 1345 2730; x_wconf 88' lang='lat' dir='ltr'><strong>eis</strong></span> <span class='ocrx_word' id='word_1_142' title='bbox 1368 2686 1438 2749; x_wconf 88' lang='lat' dir='ltr'><strong>per</strong></span> <span class='ocrx_word' id='word_1_143' title='bbox 1461 2666 1541 2729; x_wconf 87' lang='lat' dir='ltr'><strong>cir·-</strong></span> 
     </span>
     <span class='ocr_line' id='line_1_22' title="bbox 342 2769 1540 2858; baseline -0.003 -22"><span class='ocrx_word' id='word_1_144' title='bbox 342 2772 477 2836; x_wconf 88' lang='lat' dir='ltr'><strong>oulum</strong></span> <span class='ocrx_word' id='word_1_145' title='bbox 499 2772 620 2857; x_wconf 86' lang='lat' dir='ltr'><strong>agitare</strong></span> <span class='ocrx_word' id='word_1_146' title='bbox 642 2794 730 2850; x_wconf 89' lang='lat' dir='ltr'><strong>eam,</strong></span> <span class='ocrx_word' id='word_1_147' title='bbox 765 2773 848 2857; x_wconf 90' lang='lat' dir='ltr'><strong>quod</strong></span> <span class='ocrx_word' id='word_1_148' title='bbox 870 2772 969 2858; x_wconf 91' lang='lat' dir='ltr'><strong>uulgo</strong></span> <span class='ocrx_word' id='word_1_149' title='bbox 991 2775 1121 2850; x_wconf 89' lang='lat' dir='ltr'><strong>uocant,</strong></span> <span class='ocrx_word' id='word_1_150' title='bbox 1145 2776 1176 2836; x_wconf 91' lang='lat' dir='ltr'><strong>et</strong></span> <span class='ocrx_word' id='word_1_151' title='bbox 1198 2771 1320 2854; x_wconf 91' lang='lat' dir='ltr'><strong>quoties</strong></span> <span class='ocrx_word' id='word_1_152' title='bbox 1347 2771 1380 2836; x_wconf 90' lang='lat' dir='ltr'><strong>in</strong></span> <span class='ocrx_word' id='word_1_153' title='bbox 1404 2769 1540 2854; x_wconf 85' lang='lat' dir='ltr'><strong>quartati</strong></span> 
     </span>
     <span class='ocr_line' id='line_1_23' title="bbox 341 2874 1539 2962; baseline -0.002 -22"><span class='ocrx_word' id='word_1_154' title='bbox 341 2877 435 2941; x_wconf 89' lang='lat' dir='ltr'><strong>unius</strong></span> <span class='ocrx_word' id='word_1_155' title='bbox 457 2877 534 2942; x_wconf 86' lang='lat' dir='ltr'><strong>anni</strong></span> <span class='ocrx_word' id='word_1_156' title='bbox 555 2875 614 2942; x_wconf 92' lang='lat' dir='ltr'><strong>boc</strong></span> <span class='ocrx_word' id='word_1_157' title='bbox 636 2899 669 2943; x_wconf 89' lang='lat' dir='ltr'><strong>se</strong></span> <span class='ocrx_word' id='word_1_158' title='bbox 691 2878 803 2944; x_wconf 81' lang='lat' dir='ltr'><strong>iecisse</strong></span> <span class='ocrx_word' id='word_1_159' title='bbox 823 2878 989 2962; x_wconf 83' lang='lat' dir='ltr'><strong>probabit,</strong></span> <span class='ocrx_word' id='word_1_160' title='bbox 1015 2877 1110 2942; x_wconf 88' lang='lat' dir='ltr'><strong>toties</strong></span> <span class='ocrx_word' id='word_1_161' title='bbox 1133 2899 1267 2962; x_wconf 89' lang='lat' dir='ltr'><strong>poenam</strong></span> <span class='ocrx_word' id='word_1_162' title='bbox 1289 2878 1452 2962; x_wconf 86' lang='lat' dir='ltr'><strong>neglectae</strong></span> <span class='ocrx_word' id='word_1_163' title='bbox 1473 2874 1539 2938; x_wconf 90' lang='lat' dir='ltr'><strong>lec-</strong></span> 
     </span>
     <span class='ocr_line' id='line_1_24' title="bbox 339 2979 1540 3062; baseline -0.004 -14"><span class='ocrx_word' id='word_1_164' title='bbox 339 2981 436 3048; x_wconf 86' lang='lat' dir='ltr'><strong>tionis</strong></span> <span class='ocrx_word' id='word_1_165' title='bbox 468 2981 615 3059; x_wconf 87' lang='lat' dir='ltr'><strong>aboleto,</strong></span> <span class='ocrx_word' id='word_1_166' title='bbox 647 2983 816 3049; x_wconf 91' lang='lat' dir='ltr'><strong>dummodo</strong></span> <span class='ocrx_word' id='word_1_167' title='bbox 847 3005 912 3048; x_wconf 92' lang='lat' dir='ltr'><strong>non</strong></span> <span class='ocrx_word' id='word_1_168' title='bbox 935 2983 997 3048; x_wconf 90' lang='lat' dir='ltr'><strong>alia</strong></span> <span class='ocrx_word' id='word_1_169' title='bbox 1020 2981 1179 3048; x_wconf 88' lang='lat' dir='ltr'><strong>ordinaria</strong></span> <span class='ocrx_word' id='word_1_170' title='bbox 1212 2982 1305 3046; x_wconf 89' lang='lat' dir='ltr'><strong>lectio</strong></span> <span class='ocrx_word' id='word_1_171' title='bbox 1326 2982 1420 3045; x_wconf 88' lang='lat' dir='ltr'><strong>buius</strong></span> <span class='ocrx_word' id='word_1_172' title='bbox 1442 2979 1540 3062; x_wconf 89' lang='lat' dir='ltr'><strong>studij</strong></span> 
     </span>
     <span class='ocr_line' id='line_1_25' title="bbox 342 3085 993 3172; baseline 0.005 -23"><span class='ocrx_word' id='word_1_173' title='bbox 342 3108 398 3170; x_wconf 91' lang='lat' dir='ltr'><strong>per</strong></span> <span class='ocrx_word' id='word_1_174' title='bbox 420 3085 502 3150; x_wconf 91' lang='lat' dir='ltr'><strong>hanc</strong></span> <span class='ocrx_word' id='word_1_175' title='bbox 524 3086 771 3170; x_wconf 86' lang='lat' dir='ltr'><strong>disputationem</strong></span> <span class='ocrx_word' id='word_1_176' title='bbox 794 3088 993 3172; x_wconf 88' lang='lat' dir='ltr'><strong>impediatur.</strong></span> 
     </span>
    </p>

    <p class='ocr_par' dir='ltr' id='par_1_7' title="bbox 342 3189 1544 3800">
     <span class='ocr_line' id='line_1_26' title="bbox 428 3189 1540 3276; baseline 0 -22"><span class='ocrx_word' id='word_1_177' title='bbox 428 3189 543 3256; x_wconf 88' lang='lat' dir='ltr'><strong>Nullus</strong></span> <span class='ocrx_word' id='word_1_178' title='bbox 565 3190 838 3276; x_wconf 88' lang='lat' dir='ltr'><strong>Jurisprudentiae</strong></span> <span class='ocrx_word' id='word_1_179' title='bbox 872 3193 1047 3271; x_wconf 87' lang='lat' dir='ltr'><strong>studiosus,</strong></span> <span class='ocrx_word' id='word_1_180' title='bbox 1078 3193 1224 3257; x_wconf 90' lang='lat' dir='ltr'><strong>etiamsi</strong></span> <span class='ocrx_word' id='word_1_181' title='bbox 1248 3193 1290 3257; x_wconf 93' lang='lat' dir='ltr'><strong>sit</strong></span> <span class='ocrx_word' id='word_1_182' title='bbox 1312 3191 1540 3256; x_wconf 83' lang='lat' dir='ltr'><strong>Baccalanreus</strong></span> 
     </span>
     <span class='ocr_line' id='line_1_27' title="bbox 342 3296 1543 3382; baseline 0 -23"><span class='ocrx_word' id='word_1_183' title='bbox 342 3296 430 3375; x_wconf 88' lang='lat' dir='ltr'><strong>iuris,</strong></span> <span class='ocrx_word' id='word_1_184' title='bbox 453 3296 520 3360; x_wconf 89' lang='lat' dir='ltr'><strong>siue</strong></span> <span class='ocrx_word' id='word_1_185' title='bbox 542 3296 574 3360; x_wconf 91' lang='lat' dir='ltr'><strong>in</strong></span> <span class='ocrx_word' id='word_1_186' title='bbox 598 3296 703 3361; x_wconf 92' lang='lat' dir='ltr'><strong>locum</strong></span> <span class='ocrx_word' id='word_1_187' title='bbox 727 3296 860 3362; x_wconf 90' lang='lat' dir='ltr'><strong>alicuius</strong></span> <span class='ocrx_word' id='word_1_188' title='bbox 883 3296 1048 3374; x_wconf 88' lang='lat' dir='ltr'><strong>Ductoris,</strong></span> <span class='ocrx_word' id='word_1_189' title='bbox 1079 3319 1137 3380; x_wconf 92' lang='lat' dir='ltr'><strong>pro</strong></span> <span class='ocrx_word' id='word_1_190' title='bbox 1165 3318 1227 3380; x_wconf 88' lang='lat' dir='ltr'><strong>quo</strong></span> <span class='ocrx_word' id='word_1_191' title='bbox 1249 3297 1336 3382; x_wconf 88' lang='lat' dir='ltr'><strong>legat</strong></span> <span class='ocrx_word' id='word_1_192' title='bbox 1357 3299 1412 3360; x_wconf 88' lang='lat' dir='ltr'><strong>aut</strong></span> <span class='ocrx_word' id='word_1_193' title='bbox 1434 3296 1543 3359; x_wconf 89' lang='lat' dir='ltr'><strong>tradat</strong></span> 
     </span>
     <span class='ocr_line' id='line_1_28' title="bbox 343 3399 1544 3487; baseline -0.002 -21"><span class='ocrx_word' id='word_1_194' title='bbox 343 3401 472 3484; x_wconf 89' lang='lat' dir='ltr'><strong>aliquid,</strong></span> <span class='ocrx_word' id='word_1_195' title='bbox 497 3402 686 3487; x_wconf 80' lang='lat' dir='ltr'><strong>subrogatus</strong></span> <span class='ocrx_word' id='word_1_196' title='bbox 710 3402 762 3480; x_wconf 88' lang='lat' dir='ltr'><strong>sit,</strong></span> <span class='ocrx_word' id='word_1_197' title='bbox 785 3403 939 3478; x_wconf 76' lang='lat' dir='ltr'><strong>smenon,</strong></span> <span class='ocrx_word' id='word_1_198' title='bbox 964 3401 1077 3465; x_wconf 88' lang='lat' dir='ltr'><strong>audeat</strong></span> <span class='ocrx_word' id='word_1_199' title='bbox 1098 3401 1274 3466; x_wconf 88' lang='lat' dir='ltr'><strong>doctoream</strong></span> <span class='ocrx_word' id='word_1_200' title='bbox 1298 3402 1331 3464; x_wconf 90' lang='lat' dir='ltr'><strong>in</strong></span> <span class='ocrx_word' id='word_1_201' title='bbox 1355 3399 1469 3464; x_wconf 87' lang='lat' dir='ltr'><strong>scholis</strong></span> <span class='ocrx_word' id='word_1_202' title='bbox 1482 3399 1544 3464; x_wconf 87' lang='lat' dir='ltr'><strong>Ca·</strong></span> 
     </span>
     <span class='ocr_line' id='line_1_29' title="bbox 344 3503 1543 3585; baseline 0 -17"><span class='ocrx_word' id='word_1_203' title='bbox 344 3505 488 3570; x_wconf 91' lang='lat' dir='ltr'><strong>thedram</strong></span> <span class='ocrx_word' id='word_1_204' title='bbox 518 3505 703 3582; x_wconf 83' lang='lat' dir='ltr'><strong>escendere,</strong></span> <span class='ocrx_word' id='word_1_205' title='bbox 735 3507 788 3572; x_wconf 88' lang='lat' dir='ltr'><strong>sed</strong></span> <span class='ocrx_word' id='word_1_206' title='bbox 812 3507 844 3570; x_wconf 90' lang='lat' dir='ltr'><strong>in</strong></span> <span class='ocrx_word' id='word_1_207' title='bbox 868 3506 1027 3585; x_wconf 81' lang='lat' dir='ltr'><strong>interiori,</strong></span> <span class='ocrx_word' id='word_1_208' title='bbox 1059 3507 1086 3569; x_wconf 90' lang='lat' dir='ltr'><strong>si</strong></span> <span class='ocrx_word' id='word_1_209' title='bbox 1108 3505 1269 3570; x_wconf 85' lang='lat' dir='ltr'><strong>licentiam</strong></span> <span class='ocrx_word' id='word_1_210' title='bbox 1292 3527 1310 3568; x_wconf 92' lang='lat' dir='ltr'><strong>a</strong></span> <span class='ocrx_word' id='word_1_211' title='bbox 1332 3503 1459 3570; x_wconf 89' lang='lat' dir='ltr'><strong>Decaao</strong></span> <span class='ocrx_word' id='word_1_212' title='bbox 1482 3504 1543 3568; x_wconf 88' lang='lat' dir='ltr'><strong>ha-</strong></span> 
     </span>
     <span class='ocr_line' id='line_1_30' title="bbox 345 3609 1538 3695; baseline -0.003 -20"><span class='ocrx_word' id='word_1_213' title='bbox 345 3611 467 3691; x_wconf 89' lang='lat' dir='ltr'><strong>buerit,</strong></span> <span class='ocrx_word' id='word_1_214' title='bbox 500 3613 551 3678; x_wconf 93' lang='lat' dir='ltr'><strong>uel</strong></span> <span class='ocrx_word' id='word_1_215' title='bbox 582 3612 659 3677; x_wconf 85' lang='lat' dir='ltr'><strong>alias</strong></span> <span class='ocrx_word' id='word_1_216' title='bbox 688 3635 727 3677; x_wconf 86' lang='lat' dir='ltr'><strong>ex</strong></span> <span class='ocrx_word' id='word_1_217' title='bbox 749 3613 949 3677; x_wconf 89' lang='lat' dir='ltr'><strong>ordinatione</strong></span> <span class='ocrx_word' id='word_1_218' title='bbox 970 3613 1156 3695; x_wconf 86' lang='lat' dir='ltr'><strong>permissum</strong></span> <span class='ocrx_word' id='word_1_219' title='bbox 1180 3611 1239 3688; x_wconf 90' lang='lat' dir='ltr'><strong>sit,</strong></span> <span class='ocrx_word' id='word_1_220' title='bbox 1271 3611 1374 3674; x_wconf 89' lang='lat' dir='ltr'><strong>locum</strong></span> <span class='ocrx_word' id='word_1_221' title='bbox 1407 3609 1538 3675; x_wconf 90' lang='lat' dir='ltr'><strong>docendi</strong></span> 
     </span>
     <span class='ocr_line' id='line_1_31' title="bbox 347 3717 546 3800; baseline 0 -19"><span class='ocrx_word' id='word_1_222' title='bbox 347 3717 408 3781; x_wconf 89' lang='lat' dir='ltr'><strong>sibi</strong></span> <span class='ocrx_word' id='word_1_223' title='bbox 432 3718 546 3800; x_wconf 88' lang='lat' dir='ltr'><strong>capito.</strong></span> 
     </span>
    </p>
   </div>
   <div class='ocr_carea' id='block_1_3' title="bbox 343 3889 1543 3974">
    <p class='ocr_par' dir='ltr' id='par_1_8' title="bbox 343 3889 1543 3974">
     <span class='ocr_line' id='line_1_32' title="bbox 343 3889 1543 3974; baseline -0.003 -19"><span class='ocrx_word' id='word_1_224' title='bbox 343 3890 505 3968; x_wconf 81' lang='lat' dir='ltr'><strong>Quibus</strong></span> <span class='ocrx_word' id='word_1_225' title='bbox 522 3891 837 3957; x_wconf 89' lang='lat' dir='ltr'><strong>conditionibus</strong></span> <span class='ocrx_word' id='word_1_226' title='bbox 854 3889 1053 3956; x_wconf 84' lang='lat' dir='ltr'><strong>inStudio</strong></span> <span class='ocrx_word' id='word_1_227' title='bbox 1068 3889 1240 3955; x_wconf 90' lang='lat' dir='ltr'><strong>bonores</strong></span> <span class='ocrx_word' id='word_1_228' title='bbox 1256 3891 1341 3974; x_wconf 89' lang='lat' dir='ltr'><strong>peti</strong></span> <span class='ocrx_word' id='word_1_229' title='bbox 1357 3891 1543 3973; x_wconf 87' lang='lat' dir='ltr'><strong>possunt.</strong></span> 
     </span>
    </p>
   </div>
   <div class='ocr_carea' id='block_1_4' title="bbox 341 4031 1546 4624">
    <p class='ocr_par' dir='ltr' id='par_1_9' title="bbox 341 4031 1546 4624">
     <span class='ocr_line' id='line_1_33' title="bbox 428 4031 1541 4116; baseline -0.002 -21"><span class='ocrx_word' id='word_1_230' title='bbox 428 4031 489 4108; x_wconf 83' lang='lat' dir='ltr'><strong>Qui</strong></span> <span class='ocrx_word' id='word_1_231' title='bbox 507 4031 646 4098; x_wconf 87' lang='lat' dir='ltr'><strong>decreuit</strong></span> <span class='ocrx_word' id='word_1_232' title='bbox 668 4033 829 4116; x_wconf 88' lang='lat' dir='ltr'><strong>adspirare</strong></span> <span class='ocrx_word' id='word_1_233' title='bbox 851 4031 889 4095; x_wconf 87' lang='lat' dir='ltr'><strong>ad</strong></span> <span class='ocrx_word' id='word_1_234' title='bbox 913 4032 1057 4108; x_wconf 87' lang='lat' dir='ltr'><strong>honores,</strong></span> <span class='ocrx_word' id='word_1_235' title='bbox 1081 4034 1114 4094; x_wconf 87' lang='lat' dir='ltr'><strong>et</strong></span> <span class='ocrx_word' id='word_1_236' title='bbox 1135 4053 1172 4095; x_wconf 86' lang='lat' dir='ltr'><strong>ea</strong></span> <span class='ocrx_word' id='word_1_237' title='bbox 1185 4031 1221 4095; x_wconf 90' lang='lat' dir='ltr'><strong>de</strong></span> <span class='ocrx_word' id='word_1_238' title='bbox 1240 4051 1332 4094; x_wconf 86' lang='lat' dir='ltr'><strong>causa</strong></span> <span class='ocrx_word' id='word_1_239' title='bbox 1354 4051 1425 4094; x_wconf 89' lang='lat' dir='ltr'><strong>suos</strong></span> <span class='ocrx_word' id='word_1_240' title='bbox 1446 4050 1541 4111; x_wconf 86' lang='lat' dir='ltr'><strong>prae-</strong></span> 
     </span>
     <span class='ocr_line' id='line_1_34' title="bbox 343 4135 1544 4223; baseline -0.004 -21"><span class='ocrx_word' id='word_1_241' title='bbox 343 4141 482 4222; x_wconf 87' lang='lat' dir='ltr'><strong>ceptores</strong></span> <span class='ocrx_word' id='word_1_242' title='bbox 505 4159 616 4223; x_wconf 89' lang='lat' dir='ltr'><strong>rogare</strong></span> <span class='ocrx_word' id='word_1_243' title='bbox 640 4142 672 4202; x_wconf 87' lang='lat' dir='ltr'><strong>et</strong></span> <span class='ocrx_word' id='word_1_244' title='bbox 687 4137 855 4203; x_wconf 87' lang='lat' dir='ltr'><strong>conuenire</strong></span> <span class='ocrx_word' id='word_1_245' title='bbox 875 4137 963 4216; x_wconf 88' lang='lat' dir='ltr'><strong>uelit,</strong></span> <span class='ocrx_word' id='word_1_246' title='bbox 987 4137 1124 4221; x_wconf 85' lang='lat' dir='ltr'><strong>primum</strong></span> <span class='ocrx_word' id='word_1_247' title='bbox 1141 4137 1195 4201; x_wconf 92' lang='lat' dir='ltr'><strong>ille</strong></span> <span class='ocrx_word' id='word_1_248' title='bbox 1210 4158 1323 4200; x_wconf 89' lang='lat' dir='ltr'><strong>nomen</strong></span> <span class='ocrx_word' id='word_1_249' title='bbox 1339 4157 1432 4199; x_wconf 86' lang='lat' dir='ltr'><strong>suum</strong></span> <span class='ocrx_word' id='word_1_250' title='bbox 1455 4135 1544 4218; x_wconf 90' lang='lat' dir='ltr'><strong>apud</strong></span> 
     </span>
     <span class='ocr_line' id='line_1_35' title="bbox 341 4240 1542 4327; baseline -0.003 -20"><span class='ocrx_word' id='word_1_251' title='bbox 341 4243 503 4308; x_wconf 88' lang='lat' dir='ltr'><strong>Decanum</strong></span> <span class='ocrx_word' id='word_1_252' title='bbox 526 4243 698 4327; x_wconf 90' lang='lat' dir='ltr'><strong>profitetor,</strong></span> <span class='ocrx_word' id='word_1_253' title='bbox 723 4247 820 4326; x_wconf 89' lang='lat' dir='ltr'><strong>utque</strong></span> <span class='ocrx_word' id='word_1_254' title='bbox 841 4241 1015 4306; x_wconf 90' lang='lat' dir='ltr'><strong>Doctorum</strong></span> <span class='ocrx_word' id='word_1_255' title='bbox 1037 4240 1211 4306; x_wconf 77' lang='lat' dir='ltr'><strong>Consilium</strong></span> <span class='ocrx_word' id='word_1_256' title='bbox 1234 4245 1402 4318; x_wconf 77' lang='lat' dir='ltr'><strong>conuocat,</strong></span> <span class='ocrx_word' id='word_1_257' title='bbox 1429 4240 1542 4324; x_wconf 84' lang='lat' dir='ltr'><strong>petito.</strong></span> 
     </span>
     <span class='ocr_line' id='line_1_36' title="bbox 342 4343 1541 4434; baseline -0.003 -22"><span class='ocrx_word' id='word_1_258' title='bbox 342 4346 486 4412; x_wconf 88' lang='lat' dir='ltr'><strong>Decanus</strong></span> <span class='ocrx_word' id='word_1_259' title='bbox 516 4348 599 4431; x_wconf 92' lang='lat' dir='ltr'><strong>quod</strong></span> <span class='ocrx_word' id='word_1_260' title='bbox 630 4351 676 4412; x_wconf 89' lang='lat' dir='ltr'><strong>est</strong></span> <span class='ocrx_word' id='word_1_261' title='bbox 705 4351 836 4434; x_wconf 89' lang='lat' dir='ltr'><strong>rogatus</strong></span> <span class='ocrx_word' id='word_1_262' title='bbox 867 4347 963 4411; x_wconf 90' lang='lat' dir='ltr'><strong>faciat</strong></span> <span class='ocrx_word' id='word_1_263' title='bbox 995 4351 1026 4411; x_wconf 87' lang='lat' dir='ltr'><strong>et</strong></span> <span class='ocrx_word' id='word_1_264' title='bbox 1049 4344 1197 4411; x_wconf 85' lang='lat' dir='ltr'><strong>Doctores</strong></span> <span class='ocrx_word' id='word_1_265' title='bbox 1219 4349 1377 4410; x_wconf 79' lang='lat' dir='ltr'><strong>conuocat.</strong></span> <span class='ocrx_word' id='word_1_266' title='bbox 1424 4343 1541 4409; x_wconf 77' lang='lat' dir='ltr'><strong>Coram</strong></span> 
     </span>
     <span class='ocr_line' id='line_1_37' title="bbox 343 4450 1546 4537; baseline -0.002 -20"><span class='ocrx_word' id='word_1_267' title='bbox 343 4453 456 4537; x_wconf 89' lang='lat' dir='ltr'><strong>quibus</strong></span> <span class='ocrx_word' id='word_1_268' title='bbox 478 4453 580 4518; x_wconf 90' lang='lat' dir='ltr'><strong>iussus</strong></span> <span class='ocrx_word' id='word_1_269' title='bbox 602 4453 709 4518; x_wconf 89' lang='lat' dir='ltr'><strong>adesse</strong></span> <span class='ocrx_word' id='word_1_270' title='bbox 732 4452 924 4518; x_wconf 84' lang='lat' dir='ltr'><strong>Candidatus</strong></span> <span class='ocrx_word' id='word_1_271' title='bbox 957 4452 1067 4517; x_wconf 89' lang='lat' dir='ltr'><strong>ueniat</strong></span> <span class='ocrx_word' id='word_1_272' title='bbox 1099 4457 1131 4517; x_wconf 93' lang='lat' dir='ltr'><strong>et</strong></span> <span class='ocrx_word' id='word_1_273' title='bbox 1157 4451 1263 4537; x_wconf 90' lang='lat' dir='ltr'><strong>paucis</strong></span> <span class='ocrx_word' id='word_1_274' title='bbox 1287 4450 1363 4533; x_wconf 94' lang='lat' dir='ltr'><strong>quid</strong></span> <span class='ocrx_word' id='word_1_275' title='bbox 1385 4453 1476 4536; x_wconf 87' lang='lat' dir='ltr'><strong>roget</strong></span> <span class='ocrx_word' id='word_1_276' title='bbox 1503 4450 1546 4514; x_wconf 90' lang='lat' dir='ltr'><strong>ad</strong></span> 
     </span>
     <span class='ocr_line' id='line_1_38' title="bbox 343 4557 542 4624; baseline -0.01 0"><span class='ocrx_word' id='word_1_277' title='bbox 343 4580 395 4624; x_wconf 89' lang='lat' dir='ltr'><strong>eos</strong></span> <span class='ocrx_word' id='word_1_278' title='bbox 418 4557 542 4624; x_wconf 88' lang='lat' dir='ltr'><strong>referat.</strong></span> 
     </span>
    </p>
   </div>
   <div class='ocr_carea' id='block_1_5' title="bbox 0 0 1741 5314">
    <p class='ocr_par' dir='ltr' id='par_1_10' title="bbox 0 0 1741 5314">
     <span class='ocr_line' id='line_1_39' title="bbox 0 0 1741 5314; baseline 0 0"><span class='ocrx_word' id='word_1_279' title='bbox 0 0 1741 5314; x_wconf 95' lang='lat' dir='ltr'><strong> </strong></span> 
     </span>
    </p>
   </div>
  </div>
 </body>
</html>
