3462 5314
334 461 411 528 ,464
881 455 991 516 14778.

348 622 400 683 23.
424 614 585 682 Oonredus
607 613 787 679 Beeklinfol
809 614 848 679 de
871 615 1058 701 Tiiwingen.

347 728 398 789 24.
423 721 551 787 Gabriel
574 719 681 785 nitier
703 720 741 784 de
764 719 951 806 Γ1141515555.

347 833 398 893 25.
423 825 555 891 Georius
577 823 687 890 Heller
710 825 748 889 de
771 824 957 911 Tflwingen.

346 935 397 996 26.
423 929 554 996 Georius
575 927 720 994 Wisheri
742 929 780 994 de
802 929 988 1016 'Piiwingen

346 1040 398 1100 27.
423 1034 585 1101 Johannes
608 1033 755 1098 Triimlin
778 1034 816 1099 de
838 1034 1045 1118 Retemburg.

346 1141 401 1206 28.
425 1139 540 1205 Petrus
563 1137 655 1202 Glaiz
677 1136 715 1202 de
737 1135 958 1204 Oiiembflren.

347 1251 400 1311 29.
425 1243 464 1310 D.
488 1242 649 1310 Johannes
672 1241 790 1308 Gabler
812 1244 851 1308 de
872 1242 1020 1330 Auguste
1041 1243 1194 1328 plebanus
1216 1242 1251 1307 in
1274 1240 1467 1308 Dorssrusen.

346 1355 398 1416 30.
422 1350 580 1415 Martinus
603 1348 701 1433 Kfing
724 1348 764 1412 de
785 1347 948 1434 vilingen.

347 1459 398 1520 31.
423 1453 581 1520 Michahel
603 1452 724 1517 Binder
747 1452 785 1517 de
807 1452 1003 1518 Constantia.

347 1564 398 1625 32.
422 1558 568 1625 Matheus
591 1555 730 1622 Amman
753 1558 791 1622 de
812 1557 917 1624 Vlma.

346 1669 397 1730 33.
421 1661 643 1749 Sigismundus
665 1660 757 1746 Hepp
782 1660 819 1726 de
841 1661 945 1727 Vlma.

345 1772 397 1834 34.
422 1768 460 1833 D.
487 1767 649 1832 Comedus
672 1765 882 1831 Weldsbeiier
904 1767 943 1831 de
964 1765 1121 1851 Belingen
1146 1766 1299 1851 plebanus
1321 1768 1356 1831 in
1380 1767 1500 1834 Remss.

344 1876 394 1938 35.
418 1869 555 1938 Jaeobus
578 1869 761 1935 8511551555
785 1871 822 1936 de
845 1869 1026 1956 Merspurg.

219 2037 225 2051 .
346 1983 397 2045 36.
422 1977 532 2044 Gallus
554 1975 753 2041 Balneatoris
776 1974 813 2041 de
837 1975 1023 2062 Tiiwingen.

347 2089 397 2149 37.
421 2081 625 2148 Bernhardus
648 2079 801 2145 Grfiekler
824 2080 862 2146 de
884 2079 1015 2146 Bulaeh.

347 2194 399 2254 38.
423 2188 584 2254 Oonredus
607 2186 797 2252 Oaloeetoris
819 2185 857 2251 de
880 2183 1070 2272 Alienstaig.

344 2299 395 2359 39.
420 2291 458 2358 D.
482 2291 644 2357 Johnnnes
667 2291 704 2355 de
727 2290 840 2356 Houen
863 2312 962 2377 prope
977 2290 1083 2356 Vreeh
1106 2291 1144 2355 de
1166 2291 1396 2376 armigerorum
1420 2312 1545 2376 genere.

343 2405 395 2465 40.
419 2396 581 2462 Johannes
602 2393 741 2460 Priesier
764 2395 801 2460 de
823 2393 980 2482 Nipperg.

344 2508 396 2567 41.
421 2500 553 2566 Georius
576 2498 647 2585 Epp
671 2499 709 2564 de
722 2499 915 2586 Giiglingen.

346 2611 398 2673 42.
422 2603 581 2672 Michahel
603 2604 695 2670 Klete
718 2606 756 2670 de
778 2603 979 2691 Grflningen.

345 2717 397 2778 43.
420 2710 538 2796 symon
561 2709 646 2775 Haid
669 2711 706 2776 de
728 2709 831 2776 Vlma.

342 2823 394 2886 44.
418 2817 577 2882 Martinus
601 2813 708 2901 Heger
730 2816 768 2881 de
791 2815 988 2903 Griiningen.

342 2928 394 2988 45.
418 2920 582 2987 95555555
605 2919 754 2985 Tesehler
777 2921 814 2986 de
837 2920 980 2989 Bibraeo.

342 3031 395 3093 46.
418 3025 580 3091 iohannes
603 3024 760 3090 Rembold
782 3027 820 3092 de
842 3027 1029 3114 Tfiwingen.

342 3139 393 3198 47.
417 3131 578 3197 Johannes
601 3129 804 3217 Schmetzger
827 3133 864 3197 de
888 3133 1073 3221 Tflwingen.
1120 3131 1211 3198 Nihil
1236 3133 1322 3198 dedii
1345 3155 1475 3218 pauper.

341 3242 393 3303 48.
417 3235 607 3302 Beriholdus
628 3234 774 3323 Pryning
795 3237 834 3302 de
855 3237 1043 3325 Tfiwingen.
1398 3223 1404 3236 ⁸

343 3348 394 3411 49.
419 3341 573 3407 Melchior
595 3340 780 3425 Murquardi
803 3343 839 3408 de
862 3343 1037 3429 Wimpina.

340 3451 392 3514 50.
415 3445 569 3514 Nicolaus
592 3445 819 3513 Cenirifusoris
842 3449 880 3518 de
903 3448 1077 3535 Wimpine.

342 3561 393 3620 51.
418 3553 582 3620 ,Iohannes
604 3553 736 3618 Becklin
760 3553 798 3618 de
822 3554 1008 3643 Tflwingen.

341 3666 393 3726 52.
414 3659 526 3725 Petrus
548 3657 633 3744 spaet
655 3659 692 3724 de
715 3657 933 3727 Pfullendorff.

341 3770 393 3832 53.
417 3765 549 3830 Georius
571 3762 737 3829 Sellatoris
762 3761 772 3916 Ι

340 3875 391 3935 54.
415 3867 614 3934 Christianus
637 3868 748 3933 Hflber
774 3867 777 3874 ’
801 3872 838 3935 (15
861 3867 1078 3936 Pfullendorff.

340 3980 392 4039 55.
416 3972 601 4039 Ludowious
612 3923 770 4077 Arnoldil

341 4085 391 4145 56.
415 4078 567 4145 Nieoleus
589 4079 724 4167 Felberg
746 4081 784 4146 de
806 4078 994 4146 Franeonia.

408 4252 450 4307 32.
468 4251 505 4304 M.
524 4251 558 4305 A.
581 4252 654 4308 1479.
674 4283 706 4292 -
726 4255 768 4309 37.
787 4251 836 4310 der
856 4251 971 4308 8551115
990 4253 1036 4307 Gr.
1063 4253 1179 4324 gehbrte
1197 4250 1242 4308 die
1259 4251 1367 4308 Psarrei
1385 4253 1416 4308 in
1434 4251 1541 4308 Buleeh

337 4337 444 4396 erblieh
463 4337 529 4394 O.A.
548 4339 657 4394 1155515.
676 4339 754 4396 0515
771 4341 831 4395 290.
851 4372 884 4382 -
902 4341 944 4394 39.
964 4340 1095 4396 eusdem
1114 4340 1165 4395 551
1180 4341 1229 4395 der
1249 4339 1305 4395 Alb
1322 4341 1367 4396 bei
1381 4339 1543 4410 Bbhringen

356 4429 506 4497 egssterien
524 4426 696 4483 Gesehleeht.
717 4459 744 4468 -
767 4430 809 4483 40.
828 4428 856 4480 Μ
880 4426 914 4483 Α.
936 4428 1011 4484 1483.
1031 4459 1062 4468 -
1080 4428 1125 4483 41.
1143 4429 1180 4483 M.
1193 4427 1225 4483 A.
1242 4428 1317 4485 1480.
1336 4459 1369 4470 -
1387 4429 1429 4483 45.
1449 4427 1544 4482 Keller

336 4513 368 4569 in
385 4513 549 4585 Pfullingen
568 4515 645 4571 1497.
