3462 5320
529 466 571 519 41.
590 463 723 518 Statuten
740 462 767 517 d.
786 462 820 518 U.
839 481 894 519 von
914 465 991 520 1587.
1299 470 1361 533 221

163 621 283 689 riorum
305 644 435 688 suorum
458 644 516 707 pro
542 621 650 688 delicti
671 626 786 687 natura
808 622 950 707 grauiter
972 622 1204 688 animaduertat
1227 627 1259 688 et
1280 625 1364 693 sero-

165 729 247 794 ciam
267 728 357 794 illius
379 749 501 794 carcere
527 729 677 793 domabit.

251 832 330 898 Cum
364 835 459 899 multi
490 855 571 920 saepe
604 837 700 899 noctu
732 833 942 920 gregatim
965 833 1169 899 obambulare
1191 833 1312 900 soleant
1334 840 1366 901 et

165 959 202 1004 ea
223 960 272 1004 res
294 940 467 1004 multorum
489 939 532 1003 sit
551 940 822 1005 incommodorum
838 959 941 1016 causa,
964 938 1098 1004 senatus
1114 961 1222 1005 omnes
1246 943 1278 1005 et
1298 939 1364 1005 sin-

165 1045 256 1129 gulos
279 1045 441 1124 hortatur,
471 1049 508 1109 ut
531 1045 565 1109 in
589 1050 750 1130 posterum
774 1045 815 1110 ab
837 1046 898 1110 iste
920 1045 1143 1110 deambulandi
1164 1045 1287 1110 ratione
1308 1046 1365 1111 ab·

165 1150 314 1214 stineant.
360 1149 420 1226 Qui
443 1150 673 1215 monitionibus
698 1150 768 1215 istis
794 1151 898 1215 locum
920 1172 985 1214 non
1009 1149 1168 1229 dederint,
1199 1151 1233 1214 in
1255 1171 1307 1215 eos
1329 1155 1367 1216 ut

164 1253 401 1336 perturbatores
423 1254 480 1338 otij
502 1256 534 1318 et
556 1254 643 1339 pacis
656 1253 863 1340 Magistratus
878 1252 1088 1319 Scholastious
1109 1255 1296 1340 grauissime
1319 1260 1366 1320 est

165 1357 452 1423 animaduersuros.

255 1463 316 1528 Ad
338 1463 566 1529 Rectorem
591 1465 708 1548 nequi
732 1465 993 1550 agminatim
1015 1486 1094 1529 neue
1109 1466 1291 1532 turbulente
1314 1487 1365 1534 ac·

166 1567 310 1632 cedunto.
355 1568 390 1633 Si
412 1591 602 1655 magnares
625 1573 658 1633 et
681 1569 720 1634 ad
737 1569 891 1653 plurimos
907 1571 1063 1653 pertinere
1085 1569 1155 1634 uisa
1176 1571 1280 1653 luerit,
1304 1573 1365 1639 dno

165 1676 269 1738 tresue
303 1675 341 1738 ad
372 1697 548 1752 summum,
581 1675 636 1758 qni
665 1675 749 1758 apud
772 1674 940 1740 Rectorem
967 1678 1066 1760 agant
1089 1678 1242 1741 creentur.
1288 1677 1365 1754 Qui·

166 1799 305 1862 cunque,
337 1782 374 1843 ut
403 1780 439 1843 in
463 1779 522 1845 hoc
546 1780 782 1865 delinqueretur
804 1780 928 1862 fecerit,
960 1785 1070 1846 contra
1092 1779 1309 1847 iusiurandum
1332 1807 1365 1849 se

166 1883 244 1947 sciat
264 1884 383 1948 fecisse.

354 2057 401 2125 Do
422 2059 587 2145 lenocinijs
610 2060 802 2125 scortatione
824 2063 856 2124 et
877 2059 967 2145 vagis
988 2060 1185 2128 libidinibus.

254 2198 450 2265 Soortatione
472 2203 503 2262 et
526 2199 616 2284 vagis
639 2199 826 2264 libidinibus
850 2198 932 2263 nibil
953 2197 1064 2264 faedius
1088 2203 1120 2264 et
1133 2203 1269 2286 turpius,
1294 2204 1365 2287 qui-

168 2304 226 2368 bus
248 2304 386 2368 efficitur
408 2308 444 2367 ut
468 2303 564 2367 bomo
586 2304 621 2368 in
644 2305 807 2389 proprium
830 2326 943 2389 corpus
958 2307 1074 2389 peccet.
1119 2303 1247 2371 Certum
1269 2307 1366 2372 etiam

168 2412 216 2472 est
230 2406 307 2472 DEI
329 2407 410 2471 iram
425 2407 558 2472 eandem
582 2408 622 2472 ob
645 2429 771 2472 causam
787 2413 896 2472 contra
918 2407 1062 2473 homines
1078 2409 1191 2494 saepius
1206 2413 1364 2477 exarsisse.

167 2511 302 2597 Propter
333 2513 404 2576 illas
435 2511 520 2575 enim
550 2512 698 2576 libidines
728 2514 814 2577 totus
837 2511 974 2577 mundus
996 2514 1142 2579 eluuione
1164 2537 1365 2598 summersus,

165 2618 398 2684 florentissimae
422 2617 513 2682 vrbes
537 2618 654 2698 deletae,
679 2618 823 2683 homines
846 2640 944 2703 prope
966 2618 1212 2686 innumerabiles
1233 2621 1367 2686 extincti

167 2728 252 2803 sunt,
276 2728 307 2788 εὴ
330 2746 426 2788 sacrae
447 2727 606 2788 testantur
622 2723 722 2789 literae
744 2727 931 2788 scortatores
955 2746 1043 2808 aspe
1058 2724 1252 2791 baereditatis
1274 2729 1366 2792 aeter·

167 2851 216 2894 noe
238 2829 385 2894 excidere.
436 2827 513 2904 Quae
528 2851 598 2894 eum
614 2829 660 2892 ita
676 2829 751 2905 sint,
775 2829 985 2894 adolescentes
1000 2831 1260 2896 consuetudinem
1276 2833 1365 2898 illam

166 2935 368 2999 libidinosam
391 2933 569 3012 mulierum,
593 2934 740 2999 conuiuia
754 2935 787 2996 in
803 2935 914 3019 ganeis
930 2933 1068 3018 locisque
1090 2937 1252 3020 suspectis,
1276 2939 1364 3026 leno-

167 3040 251 3104 cinia
273 3043 305 3104 et
327 3039 473 3104 sodalitia
495 3039 620 3118 omnia,
651 3059 722 3123 quae
743 3059 795 3103 eos
817 3039 955 3103 inuitare
977 3039 1017 3103 ad
1038 3039 1269 3124 turpitudinem
1290 3064 1365 3126 pos-

167 3148 259 3223 sunt,
290 3149 443 3229 tanquam
473 3145 752 3229 praesentissimam
782 3149 904 3229 pestem
933 3144 1070 3228 fugiant.
1117 3145 1206 3220 Quod
1237 3147 1265 3211 si
1296 3147 1367 3230 quis

167 3249 318 3315 eiusmodi
341 3249 549 3333 turpitudinis
572 3270 644 3312 reus
659 3249 725 3327 fiet,
748 3249 782 3312 in
805 3270 877 3312 eum
901 3249 993 3313 initio
1008 3251 1187 3334 exemplum
1209 3253 1368 3316 statuetur

59 3434 65 3444 Ι
166 3354 448 3420 animaduersionis
483 3353 679 3418 uehementis
709 3358 741 3418 et
773 3353 905 3418 eximiae.
963 3353 997 3418 si
1026 3354 1217 3438 perrexerit,
1249 3377 1306 3421 nec
1335 3379 1369 3422 se

167 3461 327 3525 emendari
349 3459 442 3536 sinet,
467 3481 486 3522 a
509 3460 666 3524 consortio
689 3460 874 3525 scholastico
896 3460 1099 3538 excludetur,
1129 3483 1169 3525 nc
1192 3461 1270 3526 alios
1293 3463 1368 3527 ado·

166 3566 316 3630 lescentes
340 3565 374 3629 in
397 3567 576 3630 societatem
599 3566 765 3652 flagitiosae
787 3567 1021 3632 consuetudinis
1043 3565 1217 3650 pertrahat.
1331 3649 1336 3660 Ι

253 3673 283 3737 Α
310 3671 510 3758 turpitudine
539 3675 712 3738 uerborum
743 3675 778 3738 in
807 3673 1010 3738 nominandis
1033 3672 1179 3736 omnibus
1205 3671 1264 3757 ijs,
1299 3692 1368 3756 quoe

166 3778 255 3844 factu
276 3777 359 3844 foeda
380 3783 571 3858 conseatur,
605 3779 744 3863 itemque
774 3803 793 3843 a
815 3779 992 3864 petulantia
1015 3801 1087 3843 cum
1109 3779 1278 3842 uerborum
1300 3782 1369 3842 tum

166 3884 322 3949 factorum
346 3881 526 3947 abstinento
542 3904 661 3961 omnes,
686 3884 720 3946 ni
743 3882 879 3947 fecerint
894 3905 1018 3967 paenam
1042 3883 1080 3947 ad
1104 3882 1273 3947 arbitrium
1287 3880 1368 3947 Rec-

166 3989 246 4053 toris
269 3988 455 4052 sustinento.

650 4162 697 4228 De
720 4161 890 4248 Conuiuijs.

255 4301 294 4367 ln
326 4301 581 4386 diuersorijs
613 4305 645 4366 et
676 4302 880 4386 cauponis
912 4321 1005 4366 nemo
1029 4303 1188 4380 uersatur,
1223 4297 1368 4380 assideat,

167 4410 324 4493 epuletur,
348 4412 447 4494 potet,
472 4409 534 4474 nisi
558 4429 595 4472 eo
616 4407 741 4472 uenerit
757 4407 917 4491 quaerendi
932 4407 1063 4472 alicuius
1081 4407 1195 4491 gratia,
1219 4409 1275 4470 aut
1295 4411 1368 4471 'cum

166 4537 223 4579 sno
246 4519 456 4599 praeceptore,
486 4517 542 4580 aut
565 4514 608 4577 sit
630 4535 702 4578 cum
726 4513 791 4578 suis
812 4513 1006 4596 parentibus,
1029 4510 1237 4596 propinquis,
1260 4525 1366 4578 neees-
