3504 5322
711 486 826 542 Stetute
845 490 919 543 1536.
1347 489 1410 553 383

216 647 352 710 diturum
375 645 477 722 dicet,
510 645 601 728 prius
632 648 737 708 tamen
760 645 904 708 consulto
928 645 1058 711 oonsilio
1081 646 1177 711 studii
1199 646 1334 722 artium,
1360 645 1410 709 cui

216 773 298 816 curre
320 752 390 828 erit,
413 754 450 815 ut
476 749 528 814 hic
551 750 652 814 honor
675 749 820 814 omnibus
844 751 899 833 qui
915 750 1004 836 digni
1019 755 1093 815 0011
1116 750 1276 815 habeatur.
1323 749 1406 815 Huie

215 857 280 920 dies
304 854 456 940 praefiniri
482 876 545 919 101
570 859 683 939 potest,
708 854 761 918 sed
784 854 924 939 priorum
949 856 1045 920 duum
1069 860 1211 941 tempora
1231 855 1410 934 statuenda,

215 983 314 1025 unum
336 961 375 1024 ad
397 959 461 1023 VII
484 959 548 1024 cal.
573 958 754 1024 Decembris
777 959 911 1024 alterum
935 961 974 1026 ad
996 959 1042 1025 XI
1066 961 1131 1027 Cal.
1161 960 1279 1024 Martii.

302 1065 362 1140 Qui
385 1064 510 1141 dixerit,
535 1065 582 1129 illi
605 1065 904 1129 munusculum
927 1066 1018 1130 dator
1040 1065 1195 1130 dimidiati
1218 1065 1332 1142 florini,
1357 1065 1410 1129 sed

216 1171 249 1234 in
271 1170 397 1235 funebri
420 1169 604 1252 duplicator.
651 1167 688 1231 11
712 1190 774 1252 qua
796 1168 892 1233 etiam
916 1170 1103 1254 permissum
1125 1171 1191 1234 esto
1214 1168 1360 1247 Decano,
1384 1170 1410 1233 si

217 1274 292 1358 quid
314 1275 418 1358 ipsum
440 1277 593 1352 moretur,
613 1260 650 1337 in
673 1295 763 1337 suum
786 1274 888 1338 locum
904 1275 1001 1338 ulium
1023 1275 1222 1352 substituere,
1248 1276 1301 1359 qui
1318 1275 1409 1339 dicat.

216 1379 365 1464 Reliquas
391 1379 467 1443 duas
492 1379 559 1462 ipsc
593 1383 624 1443 et
646 1378 761 1443 Rector
783 1379 989 1444 Contubernii
1012 1403 1067 1466 per
1098 1401 1131 1445 se
1159 1381 1314 1460 obeunte,
1348 1381 1410 1444 nisi

218 1486 264 1549 ita
286 1483 432 1568 impediti
455 1482 564 1546 morbo
589 1488 644 1548 aut
665 1485 850 1549 necessitate
865 1485 975 1550 salutis
990 1486 1250 1569 tortunarumque
1272 1507 1409 1563 suarum,

217 1592 254 1653 ut
277 1589 408 1652 omnino
430 1593 598 1670 nequeant.
644 1587 677 1652 Si
700 1593 806 1654 tamen
829 1591 873 1654 ita
889 1591 1043 1668 ceciderit,
1067 1597 1102 1655 ut
1126 1591 1177 1675 qui
1195 1589 1408 1655 1100101001-

217 1694 356 1758 tubernii
379 1696 479 1768 esset,
504 1692 537 1755 in
562 1692 722 1758 Decanum
746 1693 844 1759 lectus
867 1696 918 1773 sit,
942 1696 1182 1773 cohortationis,
1213 1695 1271 1760 hoc
1294 1700 1340 1760 est
1363 1696 1409 1760 al-

217 1799 315 1864 terius
339 1798 491 1864 orationis
515 1797 602 1864 illius
623 1822 738 1864 munus
761 1799 1018 1886 Paedagogarchae
1043 1800 1177 1864 dabitur.

290 1973 477 2040 DeAlbo
501 1972 1265 2060 (1001111111011001011110111111010.
1290 1975 1332 2042 ΙΙ.

306 2113 564 2199 Magistroru
576 2135 608 2178 m
631 2113 728 2178 bones
751 2124 834 2178 artes
856 2114 1074 2199 profitentium
1089 2137 1187 2180 11111
1204 2137 1316 2201 corpus
1336 2137 1409 2180 001-

216 2225 308 2284 sator.
355 2219 476 2284 Horum
501 2223 596 2304 caput
618 2225 684 2284 esto
708 2226 739 2284 et
762 2221 925 2304 princeps,
958 2221 1013 2304 qui
1036 2219 1226 2286 Decanur
1249 2221 1310 2285 diei
1335 2243 1408 2285 001-

216 2325 328 2390 sueuit.
374 2324 406 2388 Is
429 2323 478 2387 Al
491 2324 580 2388 bum
613 2322 726 2388 habeto
757 2324 913 2408 peculiare
935 2323 1028 2387 huius
1051 2324 1164 2402 studii,
1195 2326 1227 2388 in
1252 2346 1314 2408 quo
1337 2347 1408 2409 per-

216 2428 394 2493 scribantur
418 2429 547 2493 1011110
569 2449 694 2504 eorum,
718 2429 773 2512 qui
795 2428 892 2492 studii
914 2428 1007 2492 huius
1030 2429 1162 2493 honores
1185 2434 1302 2513 petent.
1349 2429 1408 2504 Qui

218 2557 282 2598 101
305 2534 474 2618 inscriptus
496 2533 594 2598 fuerit
617 2533 736 2598 alienus
765 2534 913 2612 habetor,
943 2534 982 2598 ad
1005 2534 1138 2599 honores
1162 2557 1200 2600 ne
1223 2535 1408 2613 admittitor,

216 2640 304 2704 nullo
326 2640 393 2704 iure
416 2639 507 2703 huius
529 2639 625 2703 studii
648 2639 680 2702 in
705 2641 813 2702 nostra
835 2638 942 2703 schola
963 2640 1081 2717 utitor,
1111 2641 1137 2705 si
1160 2641 1300 2726 profiteri
1324 2640 1408 2704 ausit

216 2743 403 2809 cohercetor.

476 2917 530 2983 De
552 2919 659 2982 fisco
681 2918 817 2982 studii
840 2919 963 2983 huius
985 2920 1059 3005 Cap.
1083 2917 1142 2985 III.

302 3060 445 3124 Decanus
469 3081 538 3142 quae
559 3059 712 3123 debentur
734 3059 751 3122 f
757 3058 843 3123 isco
866 3060 900 3122 in
917 3060 1007 3124 illum
1022 3060 1157 3126 fideliter
1183 3063 1308 3129 inserat.
1348 3063 1409 3129 Hic

216 3187 279 3230 non
302 3166 364 3230 1101
386 3171 569 3249 quatuor
600 3164 805 3229 clunibus
829 3164 947 3228 recludi
970 3167 1086 3248 possit,
1110 3171 1205 3250 atque
1227 3190 1322 3234 unam
1345 3168 1408 3234 Dc·

216 3293 311 3336 canus
333 3270 419 3334 illius
448 3270 618 3354 temporis,
651 3269 727 3332 duas
750 3268 928 3333 Consiliarii
951 3269 1050 3352 ipsius
1073 3269 1152 3349 duo,
1184 3278 1331 3356 quartum
1354 3276 1409 3358 qui

219 3377 376 3462 proxime·
393 3380 466 3439 ante
489 3375 567 3438 illud
591 3396 705 3438 munus
728 3375 880 3459 gesserit,
913 3379 1081 3440 asscruato.
1127 3375 1186 3441 His
1210 3400 1246 3443 eo
1267 3379 1336 3463 ipso
1360 3379 1410 3443 die

216 3483 317 3546 0101100
340 3482 585 3556 committentur,
609 3501 671 3563 quo
693 3477 855 3556 Decanus,
888 3479 937 3543 eui
959 3479 1023 3543 iam
1046 3482 1229 3560 succeditur,
1253 3484 1407 3548 rationem

216 3589 331 3653 reddet.
376 3587 482 3670 Atque
503 3590 571 3650 1111
601 3585 638 3649 de
661 3584 812 3650 fidelitate
841 3584 988 3649 custodiae
1019 3579 1137 3650 iurabit
1159 3590 1226 3652 tam
1250 3587 1403 3667 11000100,

216 3693 269 3776 qui
291 3697 360 3756 tum
382 3695 512 3770 creatus,
537 3713 631 3776 quam
653 3692 696 3766 hi,
720 3690 832 3774 quibus
854 3690 987 3755 clauium
1013 3712 1087 3756 cura
1108 3693 1272 3758 commissa
1297 3693 1403 3758 tuerit.

244 3867 302 3933 De
324 3868 442 3933 huius
466 3866 602 3931 studii
626 3865 1029 3931 administrationis
1052 3866 1271 3954 Principe,
1294 3869 1369 3953 qui

522 3970 707 4036 Decanus
731 3971 890 4035 dieitur
913 3970 986 4055 Cap.
1011 3968 1088 4036 ΙΙΙΙ.

300 4111 429 4178 Decimo
452 4117 562 4176 octauo
594 4112 644 4178 die
666 4111 828 4190 Octobris,
860 4111 912 4175 ubi
937 4111 1028 4175 tastis
1051 4113 1235 4179 asscribitur
1258 4114 1288 4180 S.
1313 4113 1405 4180 Lucae

214 4239 338 4298 nomen,
363 4221 518 4284 declarato
541 4219 673 4283 Rectore
696 4217 923 4282 Vniuersitatis
954 4216 1067 4282 scholae
1097 4219 1190 4284 huius
1219 4222 1405 4285 conuocabit

214 4325 358 4391 Decanus
382 4325 468 4389 illius
491 4325 642 4408 temporis
664 4325 830 4388 consitium
860 4321 957 4386 studii
980 4323 1097 4388 artium
1120 4325 1159 4388 ad
1181 4325 1408 4411 designandum

213 4433 350 4497 secuturi
373 4432 448 4496 anni
470 4429 684 4494 Decanum.
731 4429 792 4513 Hic
814 4432 991 4494 assumetur
1024 4450 1061 4493 ex
1084 4450 1214 4496 numero
1237 4427 1406 4516 Magistro-

213 4557 304 4618 rum,
337 4537 392 4622 qui
421 4537 585 4624 stipendiis
608 4539 646 4602 ad
669 4537 841 4602 docendum
865 4535 1009 4600 conducti
1033 4537 1169 4601 suntab
1194 4535 1407 4606 Vniuersitate
1442 4523 1449 4538 ⁶
