3464 5318
486 490 529 547 3³.
548 490 695 544 Ordinatio
713 488 798 558 Regia
817 488 986 543 Ferdiuandi
1007 489 1082 545 1525.
1319 493 1380 557 149

179 675 246 716 esse
266 651 468 737 ingeniorum
497 649 620 728 Altrix,
650 649 769 713 Iocircu
800 648 827 712 si
851 647 1047 732 competitor
1081 648 1238 735 quispiam
1260 654 1379 716 statum

178 757 399 822 condecentem
427 755 554 823 aliunde
576 758 733 820 assecutus
757 757 821 830 est,
857 757 925 817 turn
949 756 1090 838 egestate
1113 755 1262 839 oppressi,
1286 759 1379 822 modo

179 883 249 926 uam
266 862 371 926 fructu
387 864 418 926 et
440 860 580 926 utilitate
602 861 652 924 uel
675 859 803 923 lecturas
823 857 877 922 uel
893 857 995 922 offitio
1010 880 1142 942 praeesse
1164 859 1275 944 possit,
1298 865 1380 928 ratio

178 965 341 1032 habeatur.

529 1138 583 1205 De
604 1137 1037 1223 Perpetuationibus.·

265 1278 363 1344 Porro
387 1281 471 1342 recta
494 1297 619 1362 quoque
641 1275 763 1340 ratione
786 1275 849 1338 iam
865 1278 995 1338 cautum
1018 1280 1051 1341 et
1074 1281 1236 1362 receptum
1259 1283 1316 1358 est,
1340 1303 1380 1346 ne

181 1385 363 1469 quempiam
397 1383 596 1448 Vniuersitas
625 1381 666 1445 ad
704 1381 770 1445 dies
799 1381 872 1444 vitre
902 1381 1075 1445 conducere
1109 1381 1158 1445 uel
1192 1387 1379 1467 perpetuare

182 1490 283 1573 possit
305 1490 345 1553 ad
374 1488 513 1573 aliquam
535 1488 688 1552 lecturam
711 1486 762 1550 uel
784 1485 940 1562 offitium,
974 1485 1002 1548 si
1033 1485 1087 1548 ille
1110 1507 1175 1550 non
1198 1487 1285 1570 prius
1309 1512 1379 1572 per

177 1593 317 1658 decem
340 1615 471 1657 annos
494 1593 528 1656 in
550 1591 610 1658 hac
632 1593 684 1657 uel
706 1593 769 1657 alia
792 1591 1008 1656 Vniuersitate
1031 1613 1103 1656 cum
1125 1591 1244 1657 honore
1267 1598 1298 1658 et
1321 1617 1378 1660 nu-

179 1698 276 1780 minis
298 1698 347 1763 sui
368 1698 454 1763 fama
475 1699 598 1785 legerit.

65 1867 71 1876 ’
177 1871 234 1938 De
257 1871 479 1938 Facultate
501 1895 542 1938 se
563 1872 815 1938 absentandi
839 1894 908 1937 seu
931 1871 1163 1954 absentijs,
1194 1893 1289 1955 quas
1313 1895 1378 1956 ap·

533 1977 708 2062 pellant
729 1977 1019 2064 Egressiones.

265 2115 343 2180 Cum
366 2117 516 2181 hactenus
540 2116 730 2182 Ductoribus
755 2118 869 2202 sepius
896 2140 994 2202 ,quam
1018 2117 1211 2182 Auditorum
1233 2117 1274 2181 sit
1297 2119 1377 2197 usui,

182 2243 362 2286 concessum
393 2223 512 2299 fuerit,
543 2227 579 2286 vt
607 2244 639 2286 se
661 2222 795 2305 priuatis
824 2223 962 2308 negotijs
985 2221 1177 2306 implicando
1200 2221 1377 2300 absentent,

181 2325 256 2390 Ideo
272 2325 643 2411 expeditAbsentias
665 2327 918 2412 constringi.
957 2326 1093 2392 Proinde
1108 2327 1248 2412 legentes
1262 2349 1377 2392 munus

177 2451 271 2494 suum
293 2453 350 2514 per
371 2453 404 2496 se
426 2433 511 2517 ipsos
534 2433 665 2510 obeant,
692 2432 740 2496 uel
762 2432 789 2496 si
813 2433 958 2516 practices
980 2433 1016 2496 in
1039 2430 1149 2495 alienis
1172 2431 1248 2495 lucis
1271 2432 1376 2496 inten-

174 2535 249 2600 dere
272 2557 366 2620 quam
390 2536 518 2601 lecturas
540 2537 721 2602 incumbere
744 2537 868 2616 malint,
891 2537 925 2602 id
947 2537 985 2601 de
1000 2541 1103 2600 cetero
1126 2536 1206 2600 citra
1228 2537 1375 2622 auditorij

174 2640 328 2706 iacturam
358 2642 486 2706 iaciant.
547 2641 597 2707 Ad
629 2642 710 2726 quod
743 2625 956 2707 Conductores
986 2642 1020 2708 in
1048 2639 1276 2726 assumptione
1308 2641 1375 2706 siue

176 2744 392 2810 Gonduetione
414 2745 588 2812 Doctorum
619 2751 738 2831 quanto
762 2747 863 2833 magis
895 2747 963 2812 fieri
987 2745 1089 2830 possit
1110 2767 1161 2810 eos
1184 2745 1376 2831 asstringere

178 2851 302 2916 debent.

262 2955 345 3020 Item
359 2955 560 3022 Vniuersitas
582 2958 738 3023 moderari
761 2958 853 3022 debet
877 2956 1004 3022 Statuta
1026 2957 1060 3020 in
1083 2956 1244 3041 periuri
1251 2956 1264 3039 j
1290 2975 1374 3021 uom-

175 3059 368 3138 minatione,
399 3061 443 3126 sio
466 3065 503 3126 ut
525 3083 590 3126 non
612 3067 781 3147 praestetur
804 3063 943 3147 periurio
965 3083 1003 3126 ex
1027 3061 1126 3126 nimia
1148 3061 1300 3126 facilitate
1323 3082 1375 3125 uc-

172 3165 257 3232 casio
280 3169 312 3229 et
334 3167 464 3251 perinde
486 3167 613 3253 Religio
636 3167 849 3233 Inrisiurandi
871 3167 905 3231 in
928 3170 1145 3251 contemptum
1167 3165 1267 3230 abeat.

261 3269 416 3336 Caeterum
450 3277 606 3338 statutum
638 3295 695 3357 per
716 3272 967 3338 Vniuersitatem
990 3271 1203 3356 superioribus
1226 3269 1317 3333 annis
1340 3270 1374 3333 in

172 3375 428 3442 famosorum
451 3379 704 3444 libellorum
722 3376 858 3442 autores
874 3377 993 3441 editum
1013 3375 1024 3412 ¹
1049 3377 1083 3439 in
1098 3376 1209 3440 robore
1224 3396 1281 3438 suo
1303 3395 1374 3458 per-

171 3485 317 3559 maneat,
348 3482 422 3546 dum
451 3487 557 3547 tamen
587 3483 718 3548 uerbum
748 3484 889 3548 morderi
919 3486 951 3546 et
982 3481 1122 3546 clausula
1144 3480 1375 3562 quomodolibet

171 3586 292 3666 offendi
313 3607 370 3671 pru
394 3609 458 3650 non
481 3587 612 3652 adiectis
634 3588 826 3666 habeantur,
850 3590 947 3670 prout
970 3587 1005 3650 in
1028 3590 1189 3672 posterum
1212 3585 1246 3648 in
1269 3589 1372 3648 statn-

174 3695 281 3754 torum
304 3690 518 3776 publicatione
541 3694 648 3758 omitti
671 3693 793 3758 debent.
843 3691 966 3757 Durum
981 3691 1074 3756 enim·
1089 3694 1171 3755 esset
1193 3689 1373 3774 quempiam

173 3795 304 3879 periurij
339 3817 427 3860 reum
451 3819 516 3862 esse
539 3799 580 3862 ob
603 3799 837 3864 mordacitatem
860 3800 920 3864 uel
943 3797 1164 3874 offensionem,
1196 3815 1266 3879 quae
1288 3796 1375 3859 intra

173 3897 293 3963 limites
315 3898 427 3965 famosi
450 3902 551 3967 libelli
575 3904 719 3969 concludi
741 3908 910 3988 nequeant.

258 4003 422 4070 Postremo
451 4012 487 4071 vt
517 4009 694 4094 legentium
722 4009 842 4094 singuli
877 4010 1018 4094 integras
1048 4011 1080 4071 et
1111 4005 1246 4088 aquales
1279 4002 1373 4068 horas

170 4108 365 4193 compleant,
397 4109 596 4178 Vniuersitas
619 4114 845 4201 Magistratum
876 4114 1111 4198 Tubingensem
1143 4109 1311 4175 conuenire
1342 4114 1374 4173 et

168 4212 330 4297 requirere
351 4214 458 4295 debet,
492 4220 527 4280 vt
558 4217 830 4306 horologium
860 4218 901 4281 in
926 4217 1128 4282 Praetorio
1156 4215 1195 4279 ad
1217 4217 1318 4279 rectas
1341 4218 1372 4280 et

168 4317 307 4404 aequales
330 4320 424 4386 horas
448 4321 544 4409 dirigi
563 4321 692 4389 faciant.

244 4543 485 4630 mamm
