3460 5314
318 451 394 516 ’268
676 506 680 514 ,
770 445 903 502 Facultae
922 443 1089 516 theologica.

329 608 560 694 astringantur,
584 607 644 672 nisi
668 627 739 672 cum
755 609 887 690 quartus
905 606 1069 672 accesserit
1084 605 1128 672 eis
1144 606 1331 672 ordinarius.
1370 604 1404 671 si
1426 609 1536 672 tamen

330 715 392 800 ipsi
414 736 472 780 sua
494 717 607 798 sponte
628 717 700 778 actu
722 715 755 776 et
777 712 815 776 de
837 711 977 795 presenti
999 711 1137 795 incipere
1160 714 1208 777 vel
1232 711 1419 777 continuare
1434 711 1537 778 velint

330 819 561 903 resumptiones
584 818 741 903 prefatae,
774 821 961 882 censeantur
996 816 1074 901 ipsi,
1110 839 1182 882 cum
1212 820 1344 901 vterque
1367 815 1535 882 dimidium

329 925 423 992 modo
445 925 626 1010 supradicto
648 922 837 988 resumendo
860 921 1066 1006 compleuerit
1087 943 1223 1000 annum,
1259 943 1330 986 eam
1353 943 1414 1005 que
1437 922 1477 986 ad
1500 943 1535 986 se

331 1029 503 1115 pertinebit
519 1029 765 1114 resumptionem
782 1027 959 1112 perfecisse,
982 1029 1029 1092 ita
1043 1031 1078 1092 vt
1093 1027 1149 1092 illa
1164 1027 1294 1092 decursa
1316 1030 1350 1091 et
1365 1027 1535 1112 completa,

330 1135 445 1218 reliqui
468 1135 529 1200 duo
552 1134 705 1200 ordinarii
737 1155 795 1218 pro
827 1155 885 1198 sua
906 1137 991 1198 sorte
1020 1132 1066 1199 eie
1089 1132 1277 1199 resumendo
1300 1153 1356 1216 per
1378 1132 1535 1216 reliquum

330 1237 498 1306 dimidium
522 1261 641 1304 annum
664 1237 840 1302 succedant.

419 1341 544 1408 Itemsi
564 1364 644 1408 vnus
666 1365 703 1408 ex
727 1349 862 1427 quatuor
884 1342 1052 1407 ordinariis
1073 1342 1255 1408 diuturnam
1277 1347 1313 1408 rt
1335 1365 1432 1428 supra
1453 1342 1536 1408 inei·

332 1449 420 1514 deret
438 1447 728 1525 infirmitatem,
755 1448 868 1533 reliqui
884 1451 948 1512 tres
965 1447 1050 1512 illiue
1066 1448 1242 1534 egrotantis
1257 1447 1307 1512 vel
1321 1446 1538 1512 valitudinarii

333 1552 582 1637 resumptionem
603 1551 654 1616 vel
676 1553 879 1618 collationem
903 1555 958 1618 aut
982 1552 1239 1637 disputationem,
1263 1555 1359 1639 prout
1380 1553 1478 1616 etiam
1500 1551 1536 1616 in

332 1657 531 1724 ordinatione
546 1657 726 1742 disponitur
742 1657 761 1736 ¹,
784 1658 932 1742 perficere
948 1680 1012 1722 non
1028 1658 1094 1724 sint
1120 1657 1252 1722 astricti.
1300 1655 1537 1722 Niohilominus

334 1765 442 1828 tamen
465 1763 499 1828 in
521 1764 580 1830 tali
603 1785 676 1829 casu
701 1763 805 1847 quiuis
820 1763 989 1828 eorundem
1005 1765 1103 1828 trium
1126 1785 1206 1841 eam,
1231 1785 1291 1848 que
1313 1763 1353 1828 ad
1375 1784 1408 1827 ee
1431 1763 1537 1846 ipsum

336 1868 462 1947 attinet,
487 1869 686 1934 collationem
703 1873 734 1934 et
756 1869 984 1953 disputationes
1000 1869 1175 1958 ordinarias
1189 1871 1284 1952 atque
1306 1867 1539 1952 resumptiones

334 1995 423 2038 suam
446 1973 666 2059 contingentes
688 1994 855 2059 personam
871 1974 995 2058 explere
1010 1974 1142 2040 studeat.
1189 1972 1239 2039 Ne
1255 1994 1328 2038 vero
1342 1971 1539 2038 ordinariam

333 2077 519 2156 lectionem,
544 2100 605 2162 que
626 2083 775 2162 quartum
798 2079 993 2146 ordinarium
1015 2084 1047 2144 et
1069 2082 1268 2166 egrotantem
1291 2099 1329 2143 ex
1352 2077 1463 2143 ordine
1485 2099 1536 2142 re·

334 2182 478 2266 spiraret,
502 2184 683 2248 omnimodo
703 2205 813 2249 vacare
836 2185 1019 2271 contingat,
1052 2185 1197 2251 volumus
1219 2189 1315 2270 atqm
1337 2183 1531 2260 ordinamus,

335 2289 370 2350 vt
392 2287 425 2350 in
448 2286 508 2351 tali
529 2309 602 2354 casu
624 2288 849 2355 nichilominus
870 2293 935 2354 tres
957 2289 1073 2374 reliqui
1103 2290 1235 2356 eandem
1257 2290 1427 2354 lectionem
1448 2287 1534 2352 ordi·

332 2392 457 2457 nariam
480 2415 536 2477 per
558 2415 655 2460 vnum
678 2415 715 2460 ex
738 2395 792 2474 eis,
816 2395 987 2460 secundum
1007 2396 1089 2479 quod
1112 2396 1150 2460 de
1173 2394 1232 2460 hoc
1255 2393 1339 2458 inter
1361 2413 1395 2458 se
1417 2413 1532 2458 conue-

333 2499 460 2574 nerint,
490 2497 639 2582 perficere
661 2503 773 2565 curent
795 2503 890 2584 atque
913 2500 1080 2578 studeant,
1116 2501 1150 2564 in
1173 2499 1262 2566 cuius
1287 2499 1392 2564 oneris
1416 2497 1538 2582 pariter

332 2606 364 2666 et
386 2603 637 2688 resumptionum
659 2605 872 2688 predictarum
887 2605 1064 2670 releuamen
1088 2609 1183 2689 atque
1203 2624 1440 2689 recompensam
1465 2623 1534 2668 eos·

332 2707 403 2772 dem
425 2712 490 2773 tres
512 2709 703 2774 absoluimue
727 2709 767 2774 ab
790 2731 960 2789 euenere,
992 2709 1074 2796 quod
1103 2709 1358 2776 inordinatione
1381 2707 1534 2792 principia

332 2816 364 2880 et
387 2815 515 2898 patroni
537 2813 638 2879 nostri
661 2815 849 2900 disponitur,
873 2815 994 2880 sedicet
1017 2816 1149 2898 quodsi
1178 2837 1216 2879 ex
1238 2815 1341 2879 tribus
1363 2811 1533 2878 ordinariis

332 2939 431 2984 vnum
453 2919 486 2984 in
512 2919 670 2984 diutinam
692 2920 901 2985 valitudinem
923 2920 1061 2985 incidere
1082 2921 1302 3005 contingeret,
1337 2918 1398 2982 duo
1422 2917 1538 3000 reliqui

334 3022 473 3087 eiusdem
506 3023 674 3088 lectionem
704 3024 893 3090 ordinariam
927 3026 1093 3110 prouidere
1122 3026 1189 3090 sint
1210 3024 1341 3090 astricti.
1387 3022 1479 3088 Unde
1500 3021 1536 3086 in

333 3128 391 3194 tali
414 3149 499 3206 casu,
522 3151 584 3213 quo
606 3129 836 3195 ordinariorum
861 3151 1010 3196 numerus
1040 3131 1215 3196 velentium
1245 3130 1349 3214 legere
1371 3127 1411 3192 ad
1432 3127 1536 3191 duali·

335 3235 433 3298 tatem
457 3233 662 3320 redigeretur,
685 3235 817 3320 reliquis
840 3237 961 3302 duobus
984 3237 1085 3302 adhue
1106 3236 1287 3301 muentibua
1309 3235 1363 3299 aed
1385 3238 1535 3321 egrotan-

332 3339 428 3418 tibus,
451 3339 595 3406 volumus
618 3341 701 3427 quod
724 3344 857 3426 uterquc
887 3343 992 3427 legere
1012 3342 1187 3408 valentium
1218 3363 1282 3406 non
1305 3340 1349 3405 sit
1370 3340 1530 3425 obligatus

334 3444 396 3509 nisi
419 3445 459 3509 ad
480 3444 710 3530 prouidendum
733 3468 789 3511 sue
811 3448 940 3532 proprie
955 3447 1084 3512 lectioni
1106 3446 1273 3523 ordinarie,
1297 3467 1392 3531 quam
1415 3444 1538 3509 scilieet

334 3553 448 3634 quarto
471 3551 521 3616 die
542 3552 691 3635 perficere
713 3555 858 3632 tenetur,
892 3553 1013 3638 pariter
1043 3557 1075 3616 et
1103 3551 1311 3635 resumptioni
1344 3571 1415 3615 cum
1446 3549 1540 3614 vnice

333 3653 548 3740 disputatione
570 3657 731 3722 ordinaria
752 3661 849 3741 atque
868 3679 930 3721 vna
952 3655 1129 3721 collatione.

420 3758 567 3826 Preterea
597 3763 847 3846 quandocunque
880 3762 1073 3846 stipendium
1104 3759 1231 3845 aliquod
1262 3759 1316 3824 vni
1339 3781 1377 3824 ex
1399 3763 1537 3843 quatuor

335 3865 525 3949 supradictis
564 3867 728 3952 magistris
761 3867 920 3954 theologie
954 3868 1123 3933 ordinariis
1156 3865 1298 3932 debitum
1336 3887 1449 3930 vacare
1481 3888 1540 3951 per

335 3973 468 4036 mortem
494 3971 542 4036 rel
564 3971 814 4056 resignationem
845 3976 900 4036 aut
930 3972 1023 4037 aliter
1045 3971 1227 4057 contigerit,
1254 3991 1291 4033 ex
1315 3974 1392 4035 tunc
1414 3991 1534 4054 nequa-

334 4098 429 4160 quam
453 4079 570 4140 eeteros
592 4080 657 4142 tres
681 4078 720 4142 cd
743 4077 938 4162 supradictae
969 4077 1019 4141 vel
1042 4077 1120 4141 ullas
1150 4075 1382 4160 resumptiones
1415 4077 1532 4140 astrin-

334 4181 448 4264 gimus,
473 4180 571 4246 donec
594 4183 625 4246 et
642 4203 805 4267 quousque
820 4187 951 4267 quartus
967 4181 1084 4247 eisdem
1099 4203 1171 4246 aum
1186 4181 1344 4265 stipendio
1360 4182 1537 4247 accesserit.

335 4284 377 4350 Et
399 4287 481 4350 idem
505 4287 533 4351 si
555 4288 616 4352 duo
639 4289 798 4374 stipendia
819 4289 912 4353 modo
935 4289 1116 4373 supradicto
1147 4285 1346 4364 vacauerint,
1378 4287 1541 4352 obseruari

335 4389 464 4475 placuit.

408 4547 454 4600 ls
482 4547 509 4601 S.
528 4548 571 4604 86.
