3504 5322
728 461 844 517 Statuta
865 465 940 519 1505.

629 692 684 756 De
711 693 1056 777 temptatoribus

325 827 406 894 Item
429 830 466 894 de
490 834 591 895 cetero
615 832 696 895 nulli
720 854 853 916 quorum
878 833 1011 898 interest
1035 837 1263 918 promouendos
1282 843 1439 925 temptare

238 939 421 1019 tempore
452 937 769 1021 temptaminis,
801 939 884 1020 quod
915 940 953 1002 fit
983 945 1057 1004 ante
1087 940 1325 1022 admissionem,
1364 949 1438 1013 licet

238 1043 358 1126 aliquid
388 1042 545 1126 potulenti
576 1043 625 1106 vel
655 1045 806 1108 esculenti
837 1045 887 1108 vel
910 1046 988 1109 alias
1011 1046 1182 1129 quidquam
1205 1070 1224 1111 a
1247 1052 1438 1134 temptandis

238 1147 379 1232 exigere,
414 1147 467 1211 secl
497 1169 515 1210 a
546 1148 819 1214 baccalaureandis
852 1151 929 1214 duos
956 1155 987 1214 et
1011 1173 1029 1214 a
1051 1151 1277 1236 magistrandis
1301 1161 1436 1237 quatuor

236 1253 352 1318 solidos
374 1254 477 1317 levare
499 1257 632 1337 possunt
654 1257 686 1316 et
709 1275 773 1317 non
796 1254 950 1336 amplius,
984 1276 1040 1338 per
1063 1255 1290 1335 iuramentum,
1318 1264 1373 1323 aut
1395 1262 1435 1325 ab

237 1360 281 1422 eis
304 1358 446 1423 oblatum
478 1357 642 1442 recipiant.
688 1357 763 1422 Non
788 1359 892 1423 minus
916 1363 1023 1423 tamen
1047 1363 1095 1422 ter
1116 1359 1377 1428 baccalaurendos
1401 1371 1432 1430 et

236 1468 348 1549 quater
377 1463 609 1548 magistrandos
643 1462 861 1556 interpolatim
893 1467 1049 1546 temptare
1080 1467 1250 1529 teneantur
1272 1468 1331 1532 sub
1354 1492 1435 1552 pena

235 1574 346 1653 quarte
372 1569 473 1652 partis
502 1567 622 1631 floreni.
669 1567 822 1632 Similiter
845 1569 882 1632 de
905 1573 1008 1632 cetero
1032 1589 1140 1634 ornnes
1162 1573 1353 1638 omittantur
1376 1599 1431 1639 ex-

235 1697 330 1758 pense
362 1676 395 1738 in
428 1673 665 1757 quibuscunque
698 1673 1033 1736 invitacionibus
1074 1685 1178 1757 preter
1217 1683 1360 1762 sumptus
1398 1681 1431 1744 in

234 1779 307 1844 vino
331 1801 412 1862 pane
434 1799 521 1842 caseo
543 1783 575 1842 et
595 1777 760 1857 fructibus
784 1778 842 1842 sub
857 1801 938 1862 pena
955 1779 1048 1843 unius
1070 1786 1180 1864 quarte
1196 1783 1295 1866 partis
1310 1785 1431 1851 floreni.

538 1953 593 2018 De
616 1953 823 2018 rationem
849 1953 1117 2019 facientibus

320 2095 401 2159 Item
418 2095 625 2160 conducentes
650 2096 783 2179 prandia
798 2101 830 2159 et
851 2096 1006 2160 rationem
1029 2117 1101 2160 cum
1125 2097 1248 2180 hospite
1264 2099 1301 2163 dc
1317 2101 1432 2166 eisdem

232 2200 382 2266 facientes
405 2202 510 2265 nullos
536 2201 655 2266 faciant
679 2207 822 2285 sumptus
846 2203 895 2265 vel
919 2223 1086 2285 expensaS,
1117 2202 1176 2264 sub
1208 2225 1289 2286 pena
1320 2211 1432 2288 quarte

230 2309 330 2391 partis
356 2308 467 2373 florent
497 2330 562 2371 ren.
593 2330 611 2371 a
643 2308 786 2390 quolibet
814 2329 923 2372 eorum
953 2307 1107 2386 solvendi,
1142 2330 1211 2372 cunr
1234 2310 1428 2374 contrariam

230 2413 348 2478 fecerit.

677 2586 729 2651 De
752 2587 977 2672 magistris.

281 2734 286 2738 ’
315 2727 397 2794 Item
426 2729 561 2813 quilibet
591 2727 835 2812 magistrorum,
868 2749 1002 2812 quorum
1025 2733 1073 2792 est
1096 2727 1248 2792 admissos
1270 2749 1427 2812 promo·

227 2858 339 2912 uere,
364 2838 469 2898 actum
493 2856 549 2916 pcr
575 2856 607 2896 se
634 2835 738 2917 ipsum
753 2833 861 2911 faciat,
885 2835 943 2898 sub
967 2857 1048 2917 pena
1063 2839 1174 2918 quarte
1190 2835 1289 2918 pertis
1303 2835 1425 2914 floreni,

228 2940 299 3005 Nisi
322 2940 420 3004 alium
443 2938 661 3002 substituendi
685 2962 704 3003 a
727 2939 1007 3023 superintendenti)
1030 2939 1146 3005 habeat
1168 2941 1340 3006 licenciam.

313 3044 395 3108 Item
430 3043 581 3128 magister
613 3043 748 3126 quilibet
777 3045 815 3108 de
848 3044 998 3110 facultate
1029 3045 1145 3109 artium
1176 3067 1232 3129 per
1261 3068 1294 3109 se
1322 3047 1427 3131 ipsum

227 3151 415 3235 disputando
438 3148 657 3232 presideat
680 3171 750 3212 cnm
774 3154 896 3232 polest,
921 3150 1069 3233 quociens
1088 3150 1164 3214 ordo
1186 3150 1344 3236 tetigerit,
1369 3151 1427 3214 sub

226 3278 307 3340 pena
330 3257 348 3318 7
373 3259 396 3340 β
417 3254 449 3316 h.
473 3254 590 3316 decano
613 3254 880 3338 applicandorum.

311 3360 392 3425 Item
424 3358 558 3443 quilibet
596 3358 917 3425 ebdomadarius
959 3366 1099 3444 tempore
1139 3361 1426 3445 promotionis

223 3551 299 3605 intra
313 3549 444 3616 triduum,
464 3549 567 3605 totiens
585 3549 714 3618 quotiens
727 3551 888 3620 cognouerit
899 3568 927 3605 se
946 3550 1159 3614 contrauenisse,
1178 3550 1420 3620 superintendenti

222 3638 390 3693 denunciare
413 3640 442 3692 et
468 3653 570 3706 penam
590 3637 666 3692 luere
691 3657 740 3707 pro
758 3637 889 3710 ‚singulis
913 3638 1066 3694 excessibus
1091 3638 1257 3708 singulatim
1281 3656 1330 3707 per
1349 3638 1423 3692 iura·

223 3729 350 3781 mentum
368 3745 431 3781 mox
449 3727 512 3796 post
530 3743 611 3779 suam
629 3725 879 3781 denunciationem.
1140 3784 1143 3789 ,

291 3814 369 3879 Quod
387 3813 410 3867 si
428 3813 489 3882 quis
508 3831 564 3868 non
581 3812 696 3868 redierit
714 3813 834 3869 termino
847 3813 900 3867 sibi
919 3815 1035 3879 statuto,
1055 3819 1105 3870 aut
1116 3815 1139 3869 si
1151 3815 1212 3884 quis
1232 3813 1290 3870 sine
1309 3814 1423 3868 licentia

220 3901 509 3972 superintendendum
528 3901 637 3966 abierit,
656 3901 694 3955 sit
711 3901 771 3972 ipso
789 3901 864 3957 facto
882 3902 1011 3971 priuatus
1029 3921 1077 3956 suo
1097 3901 1194 3958 officio.
1231 3902 1289 3966 Quo
1301 3919 1356 3957 non
1376 3901 1423 3955 ob·

122 4005 129 4022 ‘
219 3993 314 4044 stante
333 3989 414 4044 debet
434 3989 613 4043 nihilominus
632 4007 696 4043 mox
714 4005 776 4042 cum
793 3987 908 4042 redierit
927 3987 1003 4042 intra
1022 3989 1146 4041 triduum
1172 4005 1251 4040 suam
1271 3986 1422 4041 abitionem

221 4081 271 4130 aut
289 4076 447 4132 absentiam
464 4076 704 4146 superintendenti
722 4076 897 4131 denunciare.
933 4077 1012 4141 qaod
1025 4076 1083 4130 siue
1095 4075 1192 4129 feccrit
1204 4075 1262 4129 siue
1281 4093 1344 4137 uon,
1364 4093 1425 4144 pos·

220 4167 286 4219 sunt
304 4163 563 4234 superintendentes
583 4165 670 4220 alium
684 4167 882 4220 conuentorem
900 4165 1003 4234 eligere
1016 4164 1061 4219 vel
1080 4163 1102 4217 si
1115 4163 1262 4232 expediens
1275 4161 1423 4226 videbitur,

219 4253 359 4321 prefatum
378 4251 546 4321 magistrum
565 4253 654 4308 officio
673 4254 817 4323 priuatum
836 4252 941 4306 iterum
959 4268 1130 4306 reassumere
1143 4249 1246 4304 auditis
1269 4247 1358 4302 causis
1377 4265 1424 4302 sue

219 4338 345 4393 absentie
369 4339 413 4394 vel
431 4339 604 4409 negligentia
628 4359 676 4394 sue
700 4341 885 4396 condictionis
911 4340 1104 4409 cuiuscunque.
1140 4339 1263 4403 erarum
1286 4353 1423 4405 penarum

219 4425 393 4505 prefatamm
413 4426 515 4480 solatio
539 4427 598 4481 ficri
623 4428 706 4482 debet
729 4429 759 4482 in
787 4447 886 4482 manus
906 4426 1162 4497 superintendentis
1181 4425 1262 4478 huius
1281 4424 1324 4476 vel
1344 4423 1421 4476 illius

218 4513 269 4576 vie,
288 4513 318 4566 in
335 4531 391 4582 qua
409 4514 471 4583 quis
491 4515 617 4586 deliquit,
637 4518 687 4571 sub
705 4516 784 4586 penis
801 4519 885 4587 prout
904 4516 1074 4585 disponitur.
1105 4515 1125 4566 f.
1144 4514 1185 4569 89.
