3464 5318
347 469 407 532 140
549 509 558 524 .
604 467 646 522 32.
665 467 760 536 (legen
777 465 917 542 Schiessen
935 467 991 521 und
1009 467 1170 524 Fenerwerlr
1190 467 1265 523 1524.

335 649 373 690 nu
405 626 507 691 seiner
540 627 642 692 seelen
671 625 906 692 verderblichen
935 626 1090 704 schemen,
1125 627 1277 692 besonder
1308 630 1387 694 auch
1410 653 1447 695 zu
1471 632 1525 696 der

336 731 521 797 vniuersitet
543 733 665 818 ewigen
686 730 791 795 onzier
816 733 880 796 vnd
902 732 996 800 damu
1026 735 1081 800 der
1104 734 1222 799 andern
1246 756 1462 821 verergernus.
1487 773 1531 785 --

338 835 420 902 Acta
441 835 511 902 Seu.
536 837 582 902 lb.
607 837 628 901 f.
655 841 705 905 67.

907 1161 966 1230 32.

505 1352 631 1446 Gegen
660 1349 915 1423 Schiessen
944 1348 1035 1418 und
1062 1348 1354 1423 Fauerwerk.

819 1467 942 1522 Februur
962 1467 1038 1521 1524.

468 1629 645 1695 Prohibitio
677 1649 718 1693 ne
750 1649 820 1692 eum
853 1626 1099 1691 bombardis
1134 1629 1166 1690 et
1201 1628 1351 1714 globis
1384 1631 1531 1718 igneis

511 1736 674 1821 sogitetur.

425 1877 541 1942 Rector
563 1881 594 1941 et
616 1875 804 1940 uniuersitas
826 1876 883 1939 etc.

427 1981 579 2047 Peruenit
609 1982 648 2046 ad
670 2002 759 2045 aures
783 1983 923 2056 nostras,
946 2000 984 2043 ex
1006 1978 1122 2042 nostris
1146 1977 1290 2042 nonullos
1314 2002 1394 2057 esse,
1418 1979 1530 2065 quibus

336 2111 407 2154 cum
435 2085 680 2152 bombardis
717 2085 861 2171 globis
895 2082 1035 2168 igneis
1077 2082 1249 2167 ceterisque
1280 2084 1373 2150 huius
1408 2086 1531 2170 generis

339 2195 433 2259 rebus
457 2193 619 2278 negotium
641 2192 693 2268 sit,
717 2211 849 2274 quarum
882 2209 956 2252 vsus
980 2188 1145 2271 presertim
1170 2188 1204 2252 in
1227 2188 1477 2254 habitationibus
1499 2194 1531 2255 et

337 2298 415 2363 alibi
436 2297 504 2362 sine
527 2317 643 2380 magno
666 2294 804 2379 periculo
827 2297 920 2378 atque
942 2291 1055 2358 timore
1086 2292 1223 2358 incendii
1246 2315 1311 2358 esse
1333 2317 1397 2359 non
1420 2295 1528 2379 possit.

336 2402 451 2468 Icoirco
474 2402 676 2466 mandamus:

423 2505 473 2571 Ne
496 2505 566 2591 quis
588 2527 696 2570 eorum
719 2505 773 2588 qui
797 2505 888 2569 nobis
904 2505 1035 2571 subiecti
1052 2507 1135 2582 sunt,
1160 2504 1227 2570 siue
1242 2504 1374 2570 barones
1390 2506 1530 2571 doctores

337 2611 457 2676 nobiles
479 2616 536 2676 etc.
561 2610 771 2693 cuiuscunque
799 2609 988 2675 conditionis
1012 2614 1067 2673 aut
1089 2612 1192 2674 status
1216 2609 1350 2690 fuerint,
1383 2611 1527 2695 deinceps

337 2717 461 2782 bomb
475 2717 586 2781 ardis
618 2716 652 2780 iu
683 2715 742 2780 hac
771 2716 900 2780 ciuitate
929 2716 976 2780 vti
1007 2737 1130 2800 quoque
1152 2713 1245 2779 modo
1268 2719 1442 2798 presumat,
1476 2715 1530 2779 sed

337 2822 468 2887 omnino
489 2821 554 2886 illis
577 2821 708 2905 aliisque
730 2820 832 2898 rebus,
858 2843 991 2904 quarum
1014 2841 1089 2884 rsus
1104 2819 1197 2884 facile
1218 2819 1399 2884 incendium
1421 2841 1529 2904 parere

338 2928 427 3006 solet,
453 2934 488 2994 vt
509 2927 639 3012 puluere
662 2927 862 2991 bombardico
885 2926 988 3012 globis
1012 2926 1113 3011 igneis
1136 2928 1167 2988 et
1189 2924 1345 2988 similibus
1364 2925 1528 2990 abstineat.

336 3031 370 3098 Si
394 3033 464 3116 quis
486 3054 560 3097 vero
583 3031 641 3096 hoc
663 3036 809 3096 nostrum
829 3031 1013 3098 mandatum
1035 3036 1251 3116 transgressus
1273 3029 1370 3095 fuerit
1392 3053 1474 3116 pena
1496 3030 1529 3094 in

337 3139 442 3225 ipsum
476 3138 572 3202 luerit
601 3140 750 3222 perpetue
778 3137 976 3202 exclusionis.
1033 3136 1143 3202 Solent
1172 3139 1317 3220 preterea
1347 3134 1406 3200 hoc
1429 3136 1530 3222 magis

338 3266 432 3328 quam
455 3243 585 3327 reliquis
601 3241 797 3326 temporibus
812 3242 897 3319 anni,
921 3245 955 3305 vt
971 3241 1165 3325 experientia
1179 3240 1278 3320 docet,
1302 3241 1413 3324 quauis
1435 3242 1531 3306 etiam

336 3349 408 3414 laici
430 3353 461 3414 et
485 3348 718 3433 quantumlibet
740 3347 803 3411 leui
826 3347 986 3412 occasione
1009 3347 1047 3410 ad
1070 3347 1225 3411 tumultus
1248 3350 1343 3430 atque
1365 3345 1531 3412 seditiones

336 3459 447 3519 contra
469 3477 525 3519 nos
547 3454 701 3537 nobisque
723 3453 878 3517 subiectos
901 3452 1049 3530 excitari,
1072 3453 1152 3515 vnde
1174 3453 1235 3516 nisi
1258 3457 1410 3536 oportune
1432 3474 1531 3516 reme-

339 3560 392 3623 dio
414 3563 578 3623 occuratur
601 3579 664 3622 non
687 3557 809 3622 modica
832 3557 971 3640 pericula
999 3562 1031 3622 et
1058 3557 1255 3622 incommoda
1276 3563 1309 3622 et
1331 3557 1531 3622 vniuersitati

341 3667 373 3728 et
397 3664 462 3728 eius
485 3663 656 3747 suppositis
678 3686 716 3728 ex
739 3684 907 3748 congressu
931 3665 1090 3748 laycorum
1105 3667 1138 3728 et
1160 3662 1355 3727 studentium
1377 3663 1531 3728 verisimi-

338 3769 412 3833 liter
434 3770 560 3834 euenire
584 3772 718 3853 possent.
774 3766 927 3842 Quocirca
959 3768 1104 3833 omnibus
1127 3772 1158 3834 et
1180 3767 1315 3854 singulis
1336 3769 1531 3846 mandamus,

336 3877 371 3938 vt
393 3874 513 3939 abhoc
542 3874 591 3939 die
621 3896 717 3958 vsque
748 3873 786 3938 ad
810 3873 1021 3939 Reminiscere
1049 3898 1068 3938 a
1099 3873 1270 3939 choreis
1301 3873 1434 3957 aliisque
1457 3893 1530 3938 con-

336 3978 497 4063 gressibus
520 3978 678 4064 laycorum
702 3980 768 4044 siue
790 3979 911 4044 diurnis
935 3981 1002 4045 siue
1024 3981 1188 4045 nocturnis
1210 3978 1399 4044 abstineant.

424 4082 579 4148 Praeterea
601 4086 814 4170 unusquisque
837 4089 938 4170 post
960 4105 1100 4150 cenam
1123 4085 1157 4149 in
1173 4107 1228 4150 sua
1248 4083 1443 4150 habitatione
1466 4103 1532 4147 sese

336 4188 468 4273 recipiat
500 4193 594 4274 atque
625 4191 658 4254 in
681 4191 787 4256 eadem
811 4195 903 4256 nocte
925 4195 1067 4270 maneat,
1102 4191 1133 4254 in
1158 4191 1271 4276 plateis
1294 4210 1417 4274 queque
1439 4208 1531 4252 nemo

337 4293 433 4358 etiam
456 4316 526 4360 cum
548 4297 668 4360 lumine
700 4319 763 4362 non
797 4297 946 4361 ambulet.
993 4295 1141 4381 Quisquis
1172 4300 1276 4362 autem
1306 4295 1364 4360 hoc
1387 4299 1531 4358 nostrum

337 4400 521 4465 mandatum
544 4425 667 4468 seruare
682 4403 856 4489 neglexerit
873 4406 928 4467 aut
944 4402 978 4465 in
994 4423 1055 4466 vno
1070 4402 1256 4487 pluribusne
1271 4400 1411 4465 articulis
1426 4401 1530 4462 trans-

336 4525 460 4590 gressus
484 4504 597 4586 fuerit,
629 4509 655 4572 is
677 4529 779 4593 neque
801 4531 820 4573 a
841 4506 933 4574 nobis
955 4529 1057 4592 neque
1080 4509 1120 4574 ab
1141 4507 1346 4574 vniuersitate
1367 4508 1474 4571 nostra
1495 4511 1531 4574 vt
