3320 5308
651 471 735 528 1522.

637 629 759 699 Marcii.

104 733 149 794 56.
171 729 329 797 Martinus
353 731 466 797 Hetzel
489 733 526 799 de
549 734 768 820 Haytterbaoh
793 742 821 802 6.

104 839 148 898 57.
170 834 315 902 6666666
351 836 524 902 Mnaunnru
552 838 733 925 (Murtelin)
757 843 794 906 66
816 840 1001 928 Stutgardia
1024 849 1054 908 8.

103 945 147 1005 58.
170 941 307 1008 Michael
331 943 561 1011 Arohiteotoris
584 947 622 1012 de
644 944 831 1032 Niirtingen
857 953 907 1012 11.

102 1045 148 1110 59.
171 1047 376 1116 Bernhardus
399 1049 564 1116 Notthafft
589 1055 637 1116 13.

102 1153 147 1216 60.
171 1152 339 1221 Vdalricus
361 1155 506 1222 Sttoklin
529 1158 568 1222 de
591 1156 722 1222 Tueffen
749 1162 797 1222 14.

104 1257 149 1318 61.
173 1256 313 1324 6666666
335 1260 454 1328 Hetzer
477 1263 514 1328 de
538 1262 648 1328 Tueffa
672 1261 810 1350 (Niffen)
837 1268 885 1328 14.

105 1363 152 1424 62.
175 1360 313 1429 6666666
337 1364 535 1432 Cultellifiois
559 1368 597 1432 66
621 1366 810 1454 Geppingen
837 1374 885 1433 15.
915 1373 927 1432 1
953 1390 979 1433 6.

102 1467 149 1530 63.
171 1465 373 1535 Sebastianus
396 1471 512 1537 Yselin
536 1472 654 1557 (Isale)‚

102 1573 148 1635 64.
173 1571 327 1661 Georgius
350 1577 494 1642 Hermen
518 1575 664 1662 (Erman)
688 1578 912 1644 oonuentuales
935 1578 1174 1666 Roggenburgi.

100 1677 147 1741 65.
171 1678 312 1746 6666666
335 1682 455 1748 Siesser
479 1684 515 1748 de
538 1682 746 1748 Sohorudorff
771 1689 818 1747 17.

101 1785 148 1847 66.
173 1784 309 1872 Magnus
333 1787 443 1854 Fetzer
464 1789 502 1852 66
526 1785 812 1868 061661666618.

100 1892 149 1958 67.
171 1888 349 1958 Ludouieus
373 1892 491 1958 Settler
513 1894 551 1959 de
572 1891 720 1979 Lenberg
745 1899 795 1958 21.
823 1898 838 1957 1
864 1916 887 1958 6.

100 1999 148 2060 68.
173 1996 309 2064 Michael
333 1999 434 2086 Vogel
458 1998 496 2064 de
518 1998 691 2064 Mittelstat
715 2003 765 2063 21.
789 2017 792 2024 ⁴

99 2103 148 2165 69.
172 2099 361 2168 Laurentius
384 2103 485 2169 Bentz
509 2104 547 2169 66
571 2102 803 2188 Gundelfingen
827 2106 878 2170 21.
907 2110 920 2168 1
946 2125 970 2167 6.

99 2209 148 2272 70.
171 2205 310 2274 6666666
333 2208 429 2274 Fabri
453 2210 491 2274 de
513 2209 652 2275 Maltzen
676 2214 727 2274 21.

98 2314 147 2374 71.
172 2310 324 2377 Mrousun
365 2312 565 2380 Sorrwrorrna
600 2315 638 2379 66
661 2313 793 2380 Constat
815 2321 866 2380 22.
894 2322 952 2380 16.

100 2420 150 2482 72.
173 2417 389 2506 Wolfgangus
411 2418 526 2484 Waloh
551 2420 589 2484 de
611 2417 783 2505 Osterberg
807 2423 858 2484 26.

98 2524 147 2584 73.
172 2521 330 2588 Martinus
353 2522 473 2608 Zegker
498 2523 664 2608 (Zenoker)
690 2524 728 2588 de
750 2524 903 2590 Kirohain
929 2529 980 2589 27.

97 2629 148 2690 74.
173 2624 384 2713 Leodegarius
408 2628 506 2693 Keoss
529 2627 660 2713 (Keyss)
684 2629 721 2694 de
747 2627 877 2715 Gengen
900 2629 943 2694 M.
966 2630 1120 2695 wenensis
1144 2633 1196 2695 28.

98 2733 148 2793 75.
173 2730 313 2798 6666666
336 2733 470 2800 Settelin
495 2731 662 2820 (Sytzeler)
687 2735 724 2800 de
747 2733 929 2800 Blauburen
955 2740 1005 2802 30.

631 2837 761 2924 Aprilis.

96 2945 148 3006 76.
172 2942 417 3029 christophorus
440 2946 477 3010 de
500 2945 641 3012 Bolstutt
663 2946 794 3011 studens
817 2945 951 3031 Ingolst.
978 2951 1008 3010 6.

96 3051 148 3111 77.
172 3048 279 3138 Sixtus
302 3050 400 3115 Birok
421 3051 458 3115 de
481 3050 629 3137 Augusta
652 3052 783 3116 studens
805 3050 929 3116 Erfurd.
957 3055 1005 3115 19.

95 3155 147 3216 78.
173 3152 334 3220 Johannes
358 3154 525 3242 Birsohlag
549 3156 737 3242 (Bysohlag)
761 3157 798 3222 de
822 3155 917 3220 Vlma
941 3160 991 3219 24.

95 3260 147 3322 79.
173 3258 256 3324 Ζ666
278 3259 412 3324 Richart
435 3261 473 3326 de
495 3259 592 3326 Vlma
616 3264 669 3326 24.

93 3365 148 3426 80.
173 3362 335 3430 Johannes
359 3365 467 3430 Miller
490 3366 528 3430 de
550 3364 728 3450 Dettingen
752 3369 803 3429 24.

92 3471 147 3531 81.
173 3467 327 3534 Melchior
350 3468 444 3535 Gerst
466 3471 504 3535 66
526 3468 642 3555 Neyffa
667 3474 718 3534 26.
764 3523 773 3540 .

92 3575 148 3638 82.
173 3573 291 3639 Paulus
313 3574 509 3640 Marohdorff
528 3576 658 3640 studens
681 3573 852 3657 Lipsiensis
877 3577 927 3638 26.

91 3680 148 3740 83.
172 3677 326 3746 Melchior
350 3678 481 3766 Kigaler
503 3681 541 3746 de
563 3678 724 3745 Wolffaoh
749 3679 806 3743 ult.

184 3853 248 3920 Sub
272 3859 430 3920 restoratu
452 3855 560 3921 eximii
583 3855 643 3920 viri
658 3855 702 3920 M.
720 3855 856 3920 6666666
897 3855 1086 3921 8666666661
1109 3854 1298 3943 Justiugen-

90 3959 139 4023 sis
162 3959 380 4025 mathematioi
412 3961 534 4026 afesto
557 3961 640 4028 Phil.
676 3966 708 4026 et
730 3961 796 4027 Jao.
829 3983 928 4046 usque
959 3963 998 4026 ad
1021 3961 1141 4026 festum
1162 3961 1247 4028 Luce
1269 3986 1296 4028 a.

96 4067 182 4130 1522
206 4065 360 4130 intitulati
385 4070 460 4131 sunt

88 4259 305 4268 ——-—-—-—

168 4331 210 4383 57.
230 4328 330 4385 Rector
348 4329 438 4384 bursae
456 4347 513 4385 rea.
533 4330 608 4384 1531.
627 4330 695 4384 Mfa.
714 4329 730 4382 J
737 4329 787 4384 oh.
806 4328 988 4384 Martinus
1007 4329 1044 4382 M.
1054 4329 1087 4382 A.
1108 4331 1183 4385 1526.
1202 4332 1298 4398 666166

89 4416 127 4470 D.
151 4415 224 4470 Med.
244 4448 276 4459 -
296 4421 338 4473 7l.
357 4418 382 4472 S.
404 4420 463 4473 167.
481 4418 517 4471 Μ.
536 4419 569 4472 Α.
590 4420 667 4474 1525.
687 4449 719 4460 —
739 4419 781 4472 79.
801 4417 984 4487 Augustanus
1003 4416 1075 4472 uach
1094 4417 1162 4471 Mfa.

150 4523 282 4564 Urknndon
294 4524 336 4564 der
350 4524 378 4565 U.
393 4524 522 4574 subingon.
810 4563 813 4566 .
1055 4524 1089 4577 40
