3460 5314
783 425 914 483 Facultas
931 425 1064 484 Juridioa.

994 587 1522 678 AerarionostriCollegijunumfl,

996 693 1180 762 Conferenti
1202 695 1342 782 insignia
1365 696 1443 763 duos
1458 696 1489 763 fl.

995 798 1184 865 Doctoribus
1235 802 1338 866 nostri
1387 800 1519 887 Collegij

1018 908 1090 970 actu
1112 905 1335 991 profitentibus
1358 907 1435 971 duos
1457 905 1488 970 fl.

998 1007 1154 1074 Ministris
1176 1011 1311 1096 publicis
1335 1011 1412 1075 duos
1433 992 1464 1076 11.

688 1160 710 1202 n
729 1137 827 1202 altem
853 1138 979 1202 tantum
999 1113 1171 1180 Prandium
1185 1138 1224 1182 ex
1240 1117 1398 1181 sententia
1415 1120 1446 1181 et
1468 1137 1519 1180 ar·

706 1240 758 1307 hic
783 1244 946 1327 promotus
1023 1220 1119 1285 bitrio
1142 1220 1243 1286 nostri
1267 1219 1408 1306 Collegij.

773 1350 873 1412 aurea,
1001 1324 1138 1390 Cuilibet
1170 1322 1301 1391 Ductori
1337 1327 1372 1390 in
1406 1324 1520 1392 Studio

1020 1430 1098 1495 iuris
1119 1429 1281 1514 profitenti
1314 1431 1390 1498 duos
1419 1433 1518 1517 pileos

1018 1539 1051 1600 et
1080 1535 1210 1619 reliquis
1240 1534 1279 1601 D.
1317 1535 1516 1617 Ductoribus,

329 1673 524 1740 Licentiaws
557 1673 639 1742 Βοῦ-
1018 1644 1114 1726 prout
1141 1640 1221 1706 aliae
1253 1641 1420 1709 facultates
1451 1647 1519 1709 sta-

357 1783 480 1846 toreum
502 1783 612 1864 petens
1018 1749 1147 1812 luennl·
1407 1853 1438 1867 Η

415 1882 546 1948 fibulum
995 1848 1222 1934 (immineam,
1256 1856 1294 1917 ut
1322 1851 1496 1919 Consrhum

1016 1953 1188 2022 Doctorum
1211 1957 1378 2024 ordinabit.

999 2059 1128 2126 Aerario
1151 2061 1281 2149 Collegij
1307 2063 1383 2128 duos
1404 2065 1435 2129 fl.

997 2164 1178 2231 Conferenti
1188 2166 1327 2254 insignia
1337 2174 1472 2253 quatuor
1483 2171 1516 2236 fl.

671 2286 712 2351 111
734 2292 868 2374 utroque
890 2292 984 2354 antea
997 2269 1186 2336 Ductoribus
1195 2270 1327 2359 Collegij
1340 2272 1363 2339 J
1364 2275 1428 2339 urie
1444 2280 1518 2342 actu

708 2391 760 2458 hic
781 2399 945 2478 promotus
1018 2376 1241 2462 profitentibus
1263 2383 1401 2462 quatuor
1421 2380 1452 2445 fl.

996 2481 1126 2549 Caetera
1148 2481 1249 2546 soluet
1270 2483 1360 2566 paria
1382 2485 1428 2564 ei,
1460 2489 1517 2573 qui

1016 2587 1183 2672 profitetur
1204 2586 1238 2651 in
1261 2587 1361 2654 altero
1383 2587 1460 2657 Jure
1482 2614 1516 2658 se

1016 2691 1226 2757 Candidatum
1247 2692 1412 2760 duntaxat.

993 2796 1122 2861 Rectori
1144 2796 1310 2861 dimidium
1334 2799 1364 2863 fl.

994 2899 1186 2966 Cancellario
1210 2924 1310 2967 unum
1334 2902 1366 2968 fl.

992 3004 1363 3074 AerarioVniuersitatis
1387 3016 1515 3078 nostrae

1013 3111 1138 3175 scholae
1162 3133 1260 3176 unum
1282 3113 1313 3177 fl.

990 3215 1122 3280 Aerario
1138 3214 1269 3303 Collegij
1292 3217 1379 3283 Juris
1401 3221 1466 3282 tres
1482 3219 1514 3283 fl.

991 3321 1053 3387 Pro
1094 3321 1254 3387 laboribus
1291 3323 1442 3410 impensis
1480 3324 1516 3388 in

660 3476 700 3541 In
726 3477 826 3542 altero
850 3478 899 3543 uel
915 3477 976 3545 Ca.
1013 3448 1142 3492 examen
1165 3427 1272 3493 decem
1294 3427 1325 3492 fl·

661 3581 776 3646 mico
807 3585 858 3649 uel
881 3582 976 3649 ciuili
991 3532 1171 3599 Conferenti
1181 3532 1320 3618 insignia
1332 3537 1469 3619 quatuor
1481 3534 1514 3598 fl.

324 3657 638 3780 PetensDoetoreufn
705 3688 833 3752 tantum
855 3689 932 3755 Jure
991 3637 1133 3805 Rgliquls
1144 3637 1332 3703 Ductoribus
1348 3642 1419 3704 actu
1435 3661 1510 3724 pro·

352 3764 484 3832 tutulum
509 3787 536 3829 ιε
560 3789 613 3850 qm
1035 3742 1176 3807 tentibus
1200 3749 1335 3828 quatuor
1356 3745 1388 3809 fl.

343 3870 431 3956 prius
462 3892 528 3935 non
551 3875 618 3936 erat
990 3847 1148 3913 Ministris
1170 3848 1304 3932 publicis
1327 3850 1404 3916 duos
1425 3851 1456 3915 fl.

380 3974 575 4040 Licentiatus
991 3954 1164 4019 Prandium

418 4080 542 4146 soluite.
991 4059 1094 4124 Plle⁰⁸
1202 3954 1345 4152 lperinde
1356 4075 1392 4135 ut
1405 4092 1512 4155 supra

992 4162 1202 4248 Chyrothecas

991 4279 1077 4344 Duas
1099 4278 1198 4344 libras
1229 4283 1348 4347 zaccari
1374 4286 1512 4373 singulis

1013 4383 1203 4451 Doctoribus
1226 4387 1275 4450 sui
1298 4386 1441 4476 Collegij.
