3460 5314
588 447 703 502 Statuta
723 447 789 502 1477
808 443 925 504 u.1505.
1293 445 1355 510 337

159 607 303 670 teneatur
326 606 383 669 sub
406 627 489 689 pena
512 604 607 668 medii
630 605 761 682 floreni,
796 603 857 668 nisi
881 604 963 667 forte
986 603 1041 670 illo
1064 612 1206 692 tempore
1229 627 1356 691 presens

161 731 221 774 non
244 714 335 788 esset,
358 710 408 773 vel
430 733 468 774 ex
491 709 676 774 racionabili
699 731 809 789 causa,
838 731 933 792 quam
955 708 1090 776 decanus
1114 734 1185 777 cum
1208 711 1355 776 consilia·

161 813 215 876 riis
238 814 410 898 approbare
433 812 596 892 habeant,
619 835 678 898 pro
701 818 778 879 tunc
805 814 964 898 disputare
986 836 1050 880 non
1072 821 1187 901 posset.
1233 815 1359 881 Extunc

161 919 243 982 enim
257 919 402 996 decanus,
427 939 467 982 ne
486 919 568 984 scole
584 918 800 1004 negligantur,
823 918 862 983 de
877 918 965 983 alio
989 919 1171 1004 disputante
1186 923 1358 1006 provideat,

160 1027 190 1100 ct
222 1022 446 1088 nichilominus
468 1022 623 1107 Magister
653 1023 727 1086 talis
754 1023 932 1107 neglectam
966 1023 1216 1107 disputacionem
1241 1021 1358 1091 huius·

160 1128 245 1192 modi
267 1129 422 1212 posterius
444 1127 614 1213 supplebit,
636 1127 696 1191 sub
718 1149 799 1212 pena
822 1127 936 1212 priori,
970 1127 997 1190 si
1019 1129 1133 1192 saltem
1154 1129 1192 1193 de
1215 1131 1360 1214 regencia

163 1231 321 1298 facultatis
343 1234 463 1299 areium
486 1255 552 1298 esse
574 1232 659 1296 velit.
767 1253 773 1264 ¹

247 1342 298 1402 27.
322 1336 446 1402 Circulo
479 1342 585 1402 autem
606 1336 839 1422 Magistrorum
871 1336 963 1400 finito
986 1336 1175 1403 Decanus
1206 1344 1361 1423 protunc

161 1444 316 1522 cantens,
345 1447 497 1527 tanquam
520 1447 616 1526 caput
638 1442 816 1520 facultatis,
839 1443 979 1525 primum
1001 1446 1033 1506 et
1055 1446 1129 1506 ante
1151 1465 1259 1508 omnes
1283 1444 1362 1509 alios

163 1548 356 1631 disputabit,
380 1549 443 1611 nisi
464 1549 546 1612 forte
573 1547 729 1613 Itector
752 1547 977 1616 Vniuersitatis
1000 1552 1135 1632 protunc
1156 1548 1194 1613 de
1217 1549 1363 1635 regencia

163 1653 321 1718 facultatis
342 1653 458 1732 fuerit,
493 1657 608 1718 extunc
640 1655 790 1718 decanum
813 1653 977 1736 precedere
999 1652 1147 1732 habcbIt,
1179 1654 1286 1738 itaque
1308 1654 1361 1719 de-

163 1759 270 1843 inceps
293 1757 349 1822 alii
371 1758 520 1843 Magistri
543 1759 714 1824 secundum
737 1757 881 1822 ordinem
902 1757 1068 1824 matricula
1090 1759 1260 1843 disputent,
1285 1759 1363 1824 hora

165 1868 253 1928 sexta
274 1864 308 1927 in
331 1868 430 1930 estate
452 1868 484 1928 et
498 1864 632 1948 septima
647 1863 682 1926 in
705 1862 797 1926 iieme
812 1862 1017 1946 inceptantes.
1063 1861 1263 1947 Sophiste
1285 1885 1363 1947 quo·

164 1988 234 2051 que,
257 1967 372 2051 quide
395 1991 525 2034 numero
548 1969 709 2033 senarium
733 1969 879 2033 excedere
901 1990 965 2032 non
988 1968 1163 2049 debebunt,
1188 1991 1226 2033 ex
1250 1970 1364 2053 quibus

164 2072 309 2137 adminus
331 2095 413 2138 rnus
436 2074 663 2159 grammaticus
686 2074 737 2153 sit,
762 2095 818 2158 per
834 2073 945 2137 horam
962 2072 1141 2151 audiantur,
1165 2074 1277 2140 deinde
1300 2074 1364 2138 dis·

164 2183 279 2263 putans
296 2179 373 2245 duas
387 2185 514 2245 tantum
532 2180 710 2264 questiones
727 2182 893 2263 proponat,
919 2183 1029 2243 contra
1044 2201 1177 2262 quarum
1192 2179 1366 2264 posiciones

164 2287 229 2347 tres
252 2288 308 2349 aut
336 2288 472 2368 quatuor
501 2285 642 2350 raciones
676 2285 817 2348 deducat.
873 2283 924 2346 Ad
955 2282 1012 2346 has
1044 2284 1162 2348 etenim
1185 2285 1364 2368 questiones

164 2389 328 2453 dumtaxat
359 2393 494 2473 quatuor
517 2389 735 2454 Baccalaurios
767 2389 806 2452 ad
838 2387 1011 2452 maximum
1033 2387 1094 2451 sibi
1116 2389 1365 2455 contradicentes

164 2494 352 2576 respondere
373 2493 527 2558 volumus.

253 2603 304 2662 28.
343 2598 478 2684 Insuper
499 2601 613 2664 statuit
636 2600 755 2664 arcium
777 2599 920 2678 facultas,
944 2601 979 2662 vt
999 2599 1106 2664 mdlus
1122 2620 1258 2684 arguens
1281 2600 1364 2664 vltra

164 2705 228 2768 tria
250 2711 440 2790 argumenta
463 2711 629 2791 proponat,
653 2728 787 2790 quorum
810 2705 909 2769 eciam
932 2704 993 2769 duo
1016 2706 1143 2768 tantum
1166 2705 1307 2769 deducat.

254 2814 305 2875 29.
329 2809 525 2876 Decanns
548 2811 647 2876 eciam
667 2811 880 2895 presidentem
904 2815 936 2874 et
959 2811 1201 2893 respondentem
1225 2811 1266 2894 (si
1289 2832 1367 2893 opus

165 2913 277 2999 fuerit)
301 2916 429 3002 dIrigat,
451 2917 535 2982 idem
556 2916 654 2981 faciat
676 2917 709 2980 in
733 2916 878 2980 absencia
894 2915 1003 2980 decani
1026 2915 1090 2991 ille,
1114 2913 1164 2977 cui
1187 2914 1255 2998 ipse
1277 2915 1367 2978 deca-

166 3040 226 3082 nus
250 3019 333 3084 rices
356 3022 559 3099 commiserit,
583 3022 654 3086 aliis
669 3021 858 3100 tacentibus,
882 3021 941 3084 sub
957 3041 1039 3105 pena
1055 3021 1174 3103 septem
1197 3019 1368 3082 solidorum

166 3121 241 3186 fisco
263 3123 380 3212 tqtiens
402 3125 551 3208 quociens
574 3125 844 3209 applicandorum.

256 3219 307 3290 30'.
331 3227 418 3292 Talis
441 3233 546 3294 autem
562 3229 737 3313 disputacio
760 3230 905 3313 deinceps
922 3228 1063 3312 qualibet
1078 3229 1254 3310 septimana
1273 3227 1370 3291 semel

166 3331 395 3398 sabbatina
418 3333 482 3400 die
505 3335 580 3412 fiat,
605 3336 640 3399 in
664 3357 726 3419 qua
749 3335 883 3400 decanus
907 3332 1038 3398 cuilibet
1060 3333 1291 3417 disputantium
1313 3354 1370 3396 suo

167 3437 276 3502 ordine
300 3443 434 3522 quatuor
456 3440 600 3505 denarios
623 3440 811 3518 distribuat,
842 3438 938 3522 duplo
961 3459 1083 3522 semper
1106 3438 1222 3503 decano
1245 3441 1277 3501 et
1298 3459 1371 3521 pre-

169 3543 285 3606 sidenti
308 3543 435 3608 cedente
453 3545 473 3608 ¹.

267 3754 277 3790 ¹
296 3762 374 3818 Statt
392 3762 441 3817 der
460 3763 582 3818 Absttze
601 3762 651 3820 28.
676 3758 728 3820 29.
753 3760 794 3820 30
820 3761 883 3832 gibt
901 3755 937 3820 B.
966 3761 1097 3830 folgende
1114 3758 1303 3815 ausfithrliche
1322 3759 1373 3812 Be·

169 3866 362 3936 stimmungen
380 3867 448 3921 aber
466 3866 700 3936 Disputati0nen:
751 3861 884 3946 Insuper
930 3865 1032 3925 rector
1068 3859 1286 3924 vniuersitatis
1315 3879 1373 3942 pro

170 3968 313 4050 ternpore
340 3989 359 4030 a
380 3966 595 4050 disputatione
614 3967 773 4032 ordinaria
793 3971 998 4053 supportatus
1020 3987 1086 4031 esse
1101 3965 1202 4042 debet,
1226 3964 1253 4028 si
1275 3967 1373 4046 petat,

170 4069 220 4132 sui
243 4069 343 4134 officii
366 4071 500 4134 durante
522 4075 672 4155 tempore.

257 4173 337 4238 Item
362 4175 542 4240 conclusum
566 4180 623 4254 est,
648 4176 733 4260 quod
754 4176 861 4240 nullus
883 4177 1110 4261 magistrorum
1133 4180 1188 4240 aut
1203 4172 1373 4239 Baccalau-

171 4301 296 4344 reorum
318 4279 482 4346 facultatis
507 4281 636 4359 artium,
661 4281 797 4346 cuiusuis
820 4280 878 4360 rie,
902 4281 936 4344 in
952 4281 1080 4344 illarum
1102 4279 1302 4364 questionum
1324 4279 1373 4340 vel

171 4385 401 4468 sophismatum
432 4385 555 4464 titulis,
588 4409 682 4470 super
713 4387 827 4470 quibus
856 4385 923 4469 ipse
954 4385 1172 4470 disputaturus
1203 4383 1311 4448 existit
1341 4383 1377 4445 in

171 4489 277 4554 eadem
293 4490 457 4569 facultate,
480 4495 645 4575 presumat
660 4490 760 4556 vllam
775 4491 948 4555 verbum
971 4491 1142 4556 mordax
1164 4488 1229 4553 vel
1253 4509 1376 4572 punc-

223 4609 353 4653 Urkundcn
369 4610 410 4652 dar
427 4611 455 4654 U.
469 4611 600 4662 wrangon.
1133 4595 1167 4648 22
