3504 5322
720 478 836 534 scaeua
856 480 932 536 1505.
1364 487 1428 552 423

228 635 317 701 illum
339 641 394 701 aaut
416 638 488 702 illos
511 639 639 719 audire,
669 660 751 704 anne
782 638 855 702 talis
879 639 957 703 talia
979 639 1021 704 sit
1044 639 1168 706 locutus
1194 642 1234 707 ad
1257 663 1427 727 prcoauen·

229 741 300 806 dam
323 741 465 808 fraudem
488 743 629 828 aliquam
650 744 821 830 allegatam
847 748 879 808 ct
901 744 1127 810 oblocutiones.

314 846 469 912 Volumus
503 849 596 928 item,
632 849 715 932 quod
748 871 830 914 unus
864 871 901 914 cx
936 849 1057 915 duobus
1089 851 1257 916 excessiuis
1291 854 1324 917 in
1354 853 1429 938 lupo

230 952 447 1039 (conscriptis)
480 955 567 1039 legat
591 955 793 1020 admoneam
817 976 873 1039 per
896 955 985 1020 illam
1008 956 1237 1040 septimanam,
1269 958 1357 1022 iuxta
1378 981 1430 1022 ar-

229 1056 361 1120 bitrium
386 1057 528 1124 Rectoris
559 1059 652 1124 bursa
683 1063 739 1123 aut
769 1059 998 1136 ebdomadarii,
1030 1060 1085 1144 qui
1117 1060 1228 1144 lupum
1255 1063 1430 1127 constituit.

228 1161 287 1237 Qui
312 1183 405 1245 quem
427 1164 497 1228 vult
519 1185 557 1229 ex
578 1164 643 1228 illis
665 1163 787 1230 duobus
810 1164 956 1229 ordinare
979 1169 1101 1249 potest,
1131 1167 1212 1230 alius
1235 1189 1309 1232 vero
1333 1168 1429 1231 mini-

229 1269 309 1332 stret
331 1268 370 1332 ad
393 1290 534 1334 mensam
557 1272 622 1334 sive
646 1269 865 1334 baccalaureus
890 1271 955 1334 sive
979 1271 1108 1335 scolaris
1134 1271 1238 1336 fuerit.

316 1371 464 1437 Preterea
498 1374 643 1438 volumus
676 1379 712 1439 ut
742 1375 828 1439 omni
864 1375 1040 1458 septimana
1083 1375 1132 1440 die
1169 1375 1326 1440 dominica
1359 1380 1431 1460 post

229 1478 403 1562 prandium
426 1482 500 1543 ante
522 1479 642 1563 gratias
665 1478 790 1563 legatur
812 1481 936 1564 lupus
960 1480 1102 1563 publice,
1137 1484 1168 1544 et
1196 1484 1232 1545 ut
1255 1478 1431 1566 predictum

231 1582 358 1646 modum
384 1583 602 1648 conscribendi
623 1583 735 1667 lupum
757 1589 882 1648 servent
904 1583 1053 1649 Rectores
1076 1590 1108 1649 et
1131 1591 1348 1661 conuenturam
1372 1583 1431 1647 sub

231 1707 313 1771 pena
336 1687 476 1770 quinque
499 1687 671 1752 solidorum
694 1688 813 1752 tociens
837 1689 984 1771 quociens
1007 1688 1240 1766 sumendorum,
1271 1689 1347 1753 siin
1363 1691 1431 1752 toto

231 1791 280 1856 vel
303 1790 337 1855 in
359 1797 451 1875 parte
473 1793 661 1875 premissum
684 1814 747 1856 nou
770 1795 943 1858 servaverit
966 1793 1104 1858 modum.

316 1895 398 1962 Item
429 1898 600 1962 statuimus
631 1898 714 1981 quod
744 1899 889 1984 magistri
921 1902 1064 1963 tenentes
1089 1919 1193 1963 secrrm
1216 1895 1433 1961 baccalaurcos

229 2022 282 2067 seu
299 2002 433 2066 scolares
449 2003 646 2067 constituant
669 2003 805 2088 lupum
829 2005 868 2068 in
891 2026 963 2068 sua
985 2004 1126 2081 stuba,
1151 2003 1209 2068 sub
1231 2023 1312 2086 pena
1333 1999 1431 2064 trium

230 2108 403 2172 solidorum
425 2109 544 2173 tociens
569 2109 717 2192 quociens
740 2110 906 2175 omiserint
929 2131 984 2194 per
1007 2109 1133 2174 eosdem
1155 2106 1387 2173 soluendorum.

315 2212 397 2277 Item
425 2213 613 2290 statuimus,
648 2220 684 2276 vt
716 2215 863 2300 magistri
893 2213 1046 2278 habentes
1080 2213 1163 2297 apud
1186 2234 1220 2276 se
1241 2207 1432 2275 baccalarios

231 2318 279 2382 vel
310 2317 444 2382 scolares
474 2317 539 2380 sint
572 2317 754 2401 frequenter
787 2319 914 2383 latini
945 2339 1016 2382 cum
1045 2318 1090 2382 eis
1113 2316 1155 2380 Et
1186 2317 1219 2380 in
1249 2313 1433 2380 visitacione

230 2423 395 2487 bursarum
421 2423 610 2508 interrogati
633 2423 691 2486 sub
713 2423 879 2487 bonafide
901 2423 1002 2487 dicere
1024 2427 1208 2498 tencantur,
1239 2442 1279 2484 au
1304 2417 1433 2483 credant

233 2527 441 2609 probabiliter
471 2549 504 2590 se
534 2527 606 2611 plus
636 2525 733 2590 fuisse
761 2549 833 2591 cum
863 2526 907 2591 eis
930 2526 1047 2590 latinos
1073 2547 1168 2610 quam
1189 2525 1344 2609 vulgares.
1390 2519 1433 2584 Et

230 2633 256 2696 si
286 2632 356 2714 quis
386 2631 444 2696 hoc
474 2652 536 2695 nou
562 2630 663 2695 dicere
693 2632 828 2698 voluerit
851 2636 908 2696 aut
936 2633 1094 2715 potuerit,
1118 2629 1280 2718 puniatur
1311 2628 1345 2692 in
1368 2647 1432 2691 uuo

229 2737 352 2803 florino.

551 2961 605 3026 De
628 2962 815 3027 vestibus
838 2967 879 3026 et
900 2963 1122 3027 habitibus.

317 3157 510 3233 Statuimus,
553 3159 589 3218 ut
623 3153 771 3218 Rectores
804 3158 836 3219 et
873 3157 1078 3218 conuenturos
1111 3153 1278 3217 bursarum
1312 3151 1432 3222 curent,

233 3261 452 3348 quatenussui
477 3259 617 3324 bursoles
640 3257 815 3322 honeste
837 3257 990 3322 vestiti
1013 3258 1128 3342 togis
1152 3260 1192 3321 ct
1214 3252 1376 3319 tunicis
1399 3251 1433 3314 in

237 3369 350 3454 plateis
373 3370 405 3430 ct
427 3364 520 3429 scolis
543 3363 689 3428 decenter
711 3364 800 3426 iuxta
821 3361 1036 3427 uniuersitatis
1062 3365 1185 3426 statuta
1210 3357 1374 3432 incedant,
1397 3358 1434 3420 ut

234 3477 312 3558 puta
337 3470 384 3536 Ne
407 3470 522 3553 aliquis
545 3469 769 3553 magistrorum
794 3468 832 3532 dc
855 3467 1001 3551 regencia
1023 3471 1079 3531 aut
1101 3467 1197 3530 cuam
1214 3463 1433 3528 baccalaureus

233 3578 282 3642 vel
313 3575 512 3662 suppositum
542 3576 649 3638 vtatur
681 3572 820 3637 vestibus
850 3577 905 3637 aut
928 3571 1038 3657 caligis
1061 3570 1172 3655 partiti
1195 3568 1257 3632 siui
1279 3566 1359 3632 varii
1381 3587 1432 3630 oc-

232 3683 319 3762 loris‚
343 3703 401 3746 nec
423 3681 618 3744 manicarum
640 3679 775 3743 scissura
798 3701 862 3742 non
885 3676 990 3742 clausa
1018 3675 1153 3752 nodulis,
1187 3696 1243 3738 nec
1264 3670 1434 3756 pheriphe·

232 3788 287 3852 riis
310 3788 442 3851 vestium
465 3785 594 3849 alterius
616 3785 729 3849 coloris
752 3787 876 3848 avestc
900 3781 1073 3867 pectorali,
1110 3779 1176 3844 Nec
1206 3778 1362 3843 calceis
1395 3775 1432 3839 ad

233 3893 356 3978 pedicas
371 3913 469 3975 usquc
485 3889 534 3954 vel
557 3890 621 3954 lere
645 3890 748 3954 scissis
771 3893 802 3954 et
825 3888 950 3972 apertis
991 3886 1056 3951 Nec
1082 3885 1206 3950 incedat
1229 3881 1434 3947 discalceatus

232 4002 287 4064 aut
309 3999 466 4062 mitratus.
512 3995 709 4080 Magistri
741 3999 872 4059 utantur
901 3992 1074 4076 capucio
1107 3994 1138 4054 et
1166 3988 1284 4054 birreto
1308 3985 1434 4070 magi-

233 4103 379 4179 strali,
404 4103 498 4186 prout
521 4099 737 4164 uniuersitatis
760 4103 916 4162 statutum
939 4096 1043 4160 habet.

320 4205 386 4270 Nec
407 4207 481 4270 licet
504 4205 621 4270 eisdem
641 4205 676 4268 in
699 4204 825 4289 publico
848 4202 964 4267 habere
991 4198 1190 4285 paterloquia
1213 4198 1246 4261 in
1263 4196 1353 4272 collo,
1376 4217 1434 4259 nec

233 4311 352 4376 deterre
374 4311 529 4374 birretum
559 4310 720 4394 plicatum.
767 4305 1039 4373 Baccalaurii
1071 4325 1144 4370 vero
1178 4306 1209 4368 et
1242 4301 1433 4367 scolares

234 4417 393 4482 facultatis
417 4416 533 4480 artium
557 4416 633 4479 ituri
656 4415 694 4479 acl
718 4418 806 4480 actus
829 4411 987 4499 publicos,
1012 4409 1245 4494 processiones,
1269 4407 1308 4471 ad
1330 4411 1434 4490 temp-

234 4524 299 4587 lum
332 4525 387 4586 aut
419 4543 478 4606 pro
507 4519 612 4605 spacio
635 4521 669 4585 in
692 4519 742 4588 vel
764 4523 853 4585 extra
875 4516 1133 4582 communitatem
1157 4515 1272 4579 debent
1293 4511 1435 4578 incedere
