3460 5314
348 441 411 504 316
523 497 527 506 ,
810 441 940 496 l'acnltas
957 442 1071 498 medica.
1091 493 1094 500 .

347 599 536 664 testimoniis
570 598 742 664 Doctorum
784 623 910 666 suorum
941 603 1071 687 planum
1108 627 1143 670 ac
1177 609 1281 670 ratum
1314 606 1472 674 facturum
1506 631 1540 674 se

348 705 493 770 confidat.
1444 703 1446 708 ⁸

432 809 633 874 Tertium.
673 811 725 875 An
747 811 1016 894 disputationibus
1047 814 1194 898 plurimis
1217 833 1288 880 cum
1310 818 1486 883 attentione
1507 821 1542 882 et

347 913 485 980 discendi
509 916 672 980 uoluntate
694 902 877 982 interfuerit
900 922 932 984 et
947 922 1136 1005 argumenta
1150 925 1247 1003 prout
1261 923 1469 988 const'tutum
1492 927 1541 989 est

347 1019 539 1106 produxerit.

433 1125 538 1202 Quar
548 1131 590 1191 tu
600 1149 639 1192 m.
678 1127 730 1190 An
746 1127 841 1192 semel
856 1128 1104 1194 extraordinarie
1119 1132 1328 1215 respondendi
1345 1133 1541 1218 prouinciam
1571 1213 1580 1230 .

346 1231 469 1295 obierit.

433 1336 639 1412 Quintum.
686 1336 841 1422 Deinceps
873 1338 1089 1404 iusiurandum
1123 1341 1172 1406 illi
1193 1340 1338 1408 Deoanus
1369 1346 1541 1430 praelegat,

346 1444 428 1527 quod
452 1443 536 1529 exigi
558 1444 638 1509 solet
659 1443 699 1508 ab
721 1443 771 1521 iis,
794 1465 927 1530 quorum
943 1445 1107 1530 ingenium
1122 1448 1348 1532 explorandum
1363 1451 1433 1529 erit,
1457 1449 1542 1534 quod

349 1547 484 1614 habetur
505 1548 590 1613 infra
612 1547 645 1612 in
670 1549 764 1614 titulo
786 1571 869 1614 nono
893 1550 932 1614 de
953 1549 1161 1617 iureiurando.

433 1653 613 1719 Sextum.
660 1654 831 1738 Postquam
856 1655 933 1722 11000
954 1660 1081 1740 peracta
1103 1661 1188 1736 sunt,
1213 1659 1378 1743 pecuniam
1400 1659 1485 1726 infra
1506 1661 1542 1725 10

345 1759 439 1824 111010
470 1760 508 1824 de
538 1759 687 1844 impensis
720 1759 965 1826 Candidatorum
995 1784 1173 1848 expressam
1204 1765 1288 1850 apud
1309 1765 1470 1832 Decauum
1509 1769 1544 1832 et

346 1864 441 1931 huius
463 1866 559 1932 studii
582 1865 755 1932 Consilium
777 1866 922 1953 deponat.
941 1907 944 1914 ·
1458 1856 1464 1866 ’

436 1970 503 2047 Quo
526 1972 609 2038 10010
625 1972 796 2038 Candidato
819 1974 1023 2059 praefiniatur
1046 1976 1121 2054 dies,
1148 1997 1210 2060 quo
1225 1977 1315 2059 quasi
1339 1977 1373 2040 in
1397 1997 1544 2062 campum

351 2078 517 2143 descendat
539 2079 723 2165 explorandi
746 2080 868 2165 ingenii
890 2084 922 2144 01
945 2081 1130 2146 eruditionis
1154 2103 1236 2146 suae.

437 2183 578 2248 Primum
594 2184 736 2248 omnimn
755 2206 833 2249 num
849 2183 1040 2250 Candidatus
1055 2207 1091 2250 eo
1114 2207 1208 2269 quern
1224 2185 1315 2269 petiit
1331 2185 1448 2250 honore
1471 2186 1544 2273 dig-

346 2310 406 2352 nus
429 2289 471 2355 sit
493 2289 661 2374 priuato
692 2291 882 2354 examine
913 2290 1092 2373 inquiritor.
1138 2289 1204 2365 Quo
1227 2293 1353 2374 peracto
1376 2294 1408 2354 et
1431 2291 1545 2356 idoneo

347 2392 511 2458 candidato
534 2395 666 2460 inuento
689 2395 897 2479 Inquisitores
920 2395 1011 2460 illum
1042 2395 1082 2460 ad
1103 2394 1423 2462 Cancellarium
1445 2396 1545 2462 dedu-

347 2503 439 2577 cant,
470 2500 520 2564 cui
551 2522 607 2584 per
629 2499 791 2565 Decanum
813 2504 849 2565 ut
871 2500 918 2578 is,
949 2500 1003 2585 qui
1025 2501 1185 2566 communi
1214 2507 1246 2566 et
1275 2523 1330 2566 sno
1353 2523 1388 2567 ac
1409 2503 1546 2567 aliorum

345 2603 439 2668 huius
467 2604 563 2670 studii
595 2606 757 2670 doctorum
787 2607 967 2671 testimonio
990 2608 1140 2691 probatus
1163 2607 1221 2688 sit,
1254 2611 1285 2672 et
1315 2608 1354 2672 ad
1381 2608 1546 2692 publicum

352 2730 481 2772 examen
504 2711 630 2774 admitti
652 2711 772 2788 debeat,
795 2711 1038 2776 commendetur.
1084 2712 1135 2776 Ad
1158 2711 1276 2777 Decani
1298 2712 1545 2780 commendatio-

348 2837 421 2880 nem
445 2813 656 2881 Cancellarius
678 2817 901 2902 publicum
925 2839 1095 2882 examen
1126 2818 1220 2882 certis
1243 2816 1292 2882 die
1314 2820 1347 2882 et
1367 2818 1446 2882 hora
1467 2839 1545 2882 0011-

349 2920 468 2986 0111001.
515 2921 564 2986 Ad
581 2922 788 2987 constitutum
804 2921 886 2986 diem
903 2920 1075 2986 Candidato
1091 2921 1152 2985 duo
1166 2920 1320 2986 Themata
1335 2944 1426 2986 mane
1448 2923 1547 3006 inque

349 3026 416 3090 eius
440 3027 501 3092 diei
520 3050 633 3093 aurora
648 3028 679 3092 iu
697 3028 831 3113 Collegii
846 3027 1000 3092 aestuario
1016 3048 1134 3113 magno
1150 3029 1379 3111 proponuntor,
1403 3026 1442 3090 ad
1464 3048 1546 3110 quae

347 3131 426 3196 hora
448 3134 582 3200 secunda
604 3133 820 3219 pomeridiana
849 3133 1067 3217 respondebit,
1099 3131 1317 3217 praesentibus
1341 3131 1545 3211 Cancellari0,

351 3237 477 3304 Decano
506 3243 538 3304 et
567 3239 638 3304 aliis
661 3238 792 3305 Consilii
813 3239 910 3304 studii
939 3238 1033 3302 huius
1053 3236 1252 3302 Doctoribus.
1298 3236 1450 3302 Examina
1472 3260 1546 3324 per-

347 3345 429 3412 fecto
444 3347 636 3412 Candidatus
651 3347 776 3412 ueniam
792 3349 934 3431 precatus
950 3348 1048 3421 exeat,
1073 3345 1169 3410 donec
1183 3343 1391 3427 Inquisitores
1415 3344 1452 3408 de
1476 3343 1546 3408 eius

349 3453 553 3536 responsione
568 3452 778 3519 consultarint
793 3474 830 3517 00
841 3451 1013 3516 sententias
1029 3471 1101 3515 suas
1116 3450 1149 3513 in
1165 3449 1344 3534 praesentia
1359 3448 1548 3514 Cancellarii

351 3556 496 3622 dixerint.
543 3557 673 3633 Quodsi
689 3557 887 3641 singulorum
902 3556 1071 3642 suffragiis,
1095 3555 1146 3620 oui
1162 3554 1298 3620 doctorei
1315 3555 1546 3618 concernentur

350 3661 496 3741 honores,
522 3663 636 3748 dignus
657 3663 811 3728 iudicatus
833 3663 931 3728 luerit
953 3660 1160 3739 Candidatus,
1192 3664 1261 3724 tum
1285 3659 1333 3724 illi
1356 3681 1414 3743 pro
1437 3680 1547 3724 conse-

349 3767 482 3851 quenda,
505 3773 542 3833 ut
563 3773 687 3848 uocant,
711 3767 854 3834 Licentia
877 3767 1087 3833 Cancellarius
1111 3767 1194 3832 diem
1216 3765 1371 3851 designet.
1408 3758 1410 3766 '

436 3874 616 3940 Constituto
639 3874 688 3938 dic
713 3873 924 3939 Cancellarius
947 3875 981 3938 in
1003 3874 1130 3960 publico
1152 3871 1363 3938 studiosorum
1385 3869 1548 3935 aDecano

264 3998 267 4004 '
348 3981 519 4046 solenniter
541 3980 659 4045 indicto
683 3985 839 4047 conuentu
862 3979 1035 4046 Candidato
1069 3979 1229 4044 licentiam
1256 3978 1290 4042 in
1315 3976 1546 4042 1010101001·-

348 4087 451 4152 sitatis
473 4085 597 4151 soholae
620 4086 713 4151 huius
735 4085 885 4150 conferat.
932 4083 1001 4160 Qua
1031 4084 1146 4149 collata
1167 4103 1240 4147 mox
1267 4082 1300 4144 in
1323 4079 1547 4145 Doctorum

349 4191 389 4256 ab
403 4191 518 4276 alique,
546 4213 639 4276 quem
653 4192 728 4257 ordo
743 4191 930 4278 poposcerit,
955 4189 1052 4254 studii
1069 4188 1164 4253 huius
1188 4187 1349 4252 ordinario
1369 4185 1546 4269 professore

351 4296 461 4362 iisdem
483 4298 551 4362 loco
573 4302 605 4362 et
627 4297 704 4362 hora
726 4302 858 4375 creetur,
883 4296 936 4380 qui
960 4298 991 4359 et
1008 4294 1074 4378 ipse
1089 4293 1220 4358 honeste
1240 4315 1298 4378 pro
1321 4290 1547 4357 consuetudine

349 4402 462 4467 horum
493 4407 672 4487 temporum
705 4401 838 4467 uest‘tus
871 4401 1045 4467 orationem
1075 4399 1115 4463 iis
1138 4422 1216 4483 quae
1238 4402 1392 4486 geruntur
1414 4418 1546 4462 consen·

350 4512 476 4575 taueam
508 4508 657 4588 habebit,
688 4512 785 4592 utque
815 4509 942 4594 singula
968 4507 1078 4572 ordine
1105 4507 1185 4571 fiant
1214 4504 1382 4590 diligenter
1412 4501 1547 4568 curabit
