3462 5314
754 451 838 508 1488.

198 613 249 674 57.
273 609 368 675 Vitus
392 609 502 695 (Ryss)
527 611 728 694 carpentarii
751 612 789 675 de
813 609 910 675 Horu
933 610 999 676 ead.
1024 611 1083 675 die.

198 719 248 779 58.
272 714 476 781 Sebastianus
498 715 632 780 Martini
655 716 693 781 de
717 714 822 780 Enseu
846 724 864 780 4
888 715 969 779 ferio
992 719 1063 798 post
1087 713 1225 800 Georgii.

197 824 247 884 59.
272 818 433 885 Johannes
455 819 606 904 Lapicida
628 821 665 886 de
689 819 865 905 Rutlingen
890 842 1009 904 pauper
1033 825 1051 884 5
1075 819 1155 884 feria
1177 843 1210 903 p.
1235 818 1374 904 Georgii.

196 928 247 988 60.
272 923 418 990 Matheus
443 923 587 1008 Knopfer
610 925 648 990 de
669 925 855 1010 Rildlingen
878 926 943 990 ead.
970 925 1029 988 die.

197 1032 247 1092 61.
272 1028 420 1094 Vrbanus
442 1028 606 1094 Sellatoris
628 1031 666 1094 de
688 1030 843 1095 Pludenta
866 1034 884 1094 3
909 1029 988 1095 feria
1011 1034 1083 1114 post
1107 1030 1246 1116 Georgii.

197 1135 248 1195 62.
272 1132 373 1197 Vrsus
396 1131 506 1218 Ingolt
529 1133 718 1200 Galoeatoris
742 1136 780 1200 de
801 1133 952 1199 Solodoro
974 1136 1044 1198 ead.
1069 1135 1128 1200 die.

198 1241 248 1300 63.
273 1236 435 1303 Johannes
457 1239 596 1304 Visierer
621 1241 659 1304 de
682 1239 897 1304 Kouffburren
919 1239 953 1303 in
975 1241 1039 1325 vig.
1063 1239 1146 1305 Phil.
1172 1244 1204 1304 et
1227 1239 1346 1304 Jaeobi.

287 1395 469 1480 Sequuntur
492 1397 621 1462 nomina
638 1397 874 1460 intitulatorum
890 1398 949 1461 sub
964 1401 1123 1461 rectoratu
1138 1395 1322 1480 spectabilis
1337 1395 1398 1458 viri

199 1498 242 1563 M.
267 1499 426 1566 Jonnsurs
452 1501 578 1566 Hinnnn
602 1501 640 1566 de
668 1501 876 1566 Dorustetten
906 1524 930 1566 s.
963 1501 1121 1586 theologie
1155 1502 1238 1566 baca.
1270 1523 1288 1564 a
1318 1499 1399 1563 festo

198 1603 280 1668 Phil.
304 1609 337 1669 et
357 1605 424 1672 Jao.
447 1631 474 1671 a.
501 1611 583 1672 1488
608 1607 763 1690 usquead
786 1606 903 1673 festum
925 1604 955 1671 S.
980 1605 1063 1670 Luce
1085 1607 1161 1670 anni
1184 1605 1330 1670 eiusdem.

223 1765 250 1823 1.
276 1759 369 1846 Greg.
386 1760 566 1826 Holstetter
582 1762 619 1826 de
629 1761 849 1846 Rauenspurg,
865 1761 917 1826 die
928 1761 1094 1846 Epimachi
1109 1766 1142 1827 et
1151 1762 1306 1826 sociorum
1322 1762 1398 1825 eius.

227 1871 255 1928 2.
279 1865 441 1930 Johannes
465 1866 609 1932 Trutwin
633 1867 670 1932 de
694 1868 824 1952 'lengen
851 1872 888 1931 15
912 1867 962 1932 die
987 1867 1074 1950 Maij.

221 1973 249 2032 3.
277 1968 429 2035 Matheus
453 1972 655 2038 Bubenhofer
678 1973 715 2036 de
738 1971 946 2036 Bubenholen
972 1976 1012 2036 23
1037 1973 1123 2056 Maij.

221 2077 250 2136 4.
276 2073 367 2138 Geor.
377 2075 529 2160 Stimplin
545 2077 582 2142 de
601 2077 810 2142 Babenhusen
826 2077 875 2141 die
892 2083 910 2140 3
927 2077 1027 2160 Junij.
1044 2078 1130 2142 dedit
1145 2084 1157 2141 1
1178 2101 1202 2142 s.
1220 2077 1295 2161 quia
1307 2097 1401 2160 paup.

225 2183 253 2242 5.
278 2178 392 2243 Daniel
413 2181 510 2266 Wyss
541 2182 578 2246 de
607 2181 815 2246 Dornstetten
849 2182 932 2247 bace.
965 2183 1131 2248 wienensis
1163 2182 1296 2247 sabbato
1330 2183 1402 2263 post

277 2305 360 2368 corp.
385 2282 506 2349 Christi
530 2292 547 2348 7
571 2285 670 2364 Junij.

226 2394 255 2454 6.
280 2387 443 2453 Johannes
466 2389 609 2455 Muokler
631 2391 668 2454 de
691 2391 859 2457 Mossbaoh
885 2397 920 2455 11
948 2390 1047 2474 Junij.

224 2500 252 2558 7.
277 2493 395 2577 Gaspar
417 2493 570 2560 Swertfur
592 2495 630 2558 de
652 2495 747 2559 Vlma
775 2500 811 2559 16
837 2495 936 2578 Junij.
1141 2560 1149 2576 ‚

224 2605 253 2665 8.
278 2599 350 2666 Joh.
374 2599 492 2685 Weger
515 2601 552 2665 de
575 2600 758 2685 thdlingen
782 2601 911 2665 studens
935 2601 1020 2664 vniu.
1046 2599 1183 2665 haidelb.
1213 2603 1249 2662 17
1267 2595 1365 2680 Junij.

225 2709 254 2769 9.
278 2704 439 2769 Johannes
464 2705 575 2769 Glaser
598 2706 636 2769 de
659 2705 860 2791 Rudelsperg
884 2709 921 2768 21
952 2703 1050 2788 Junij.

206 2816 252 2875 10.
277 2809 439 2874 Johannes
462 2809 556 2888 litus,

205 2921 252 2979 11.
278 2913 440 2980 Gonradus
463 2914 611 2994 8111111111,

204 3024 253 3082 12.
278 3019 436 3084 Martinus
458 3018 554 3084 Relin
578 3021 615 3086 de
639 3020 841 3105 Ndrdlingen
863 3023 898 3086 in
921 3022 983 3105 vig.
1010 3019 1083 3084 Joh.
1107 3019 1199 3101 Bapt.

205 3131 253 3190 13.
277 3125 480 3190 Sebastianus
502 3125 660 3211 Sehilling
683 3127 721 3191 de
744 3126 851 3192 Vraoh
875 3124 1029 3208 (Nobilis)
1055 3128 1094 3188 21
1120 3121 1219 3206 Junij.

207 3237 254 3295 14.
279 3229 483 3294 Sebastianus
505 3230 677 3295 Wernheri
700 3233 737 3294 de
761 3230 887 3314 Dupfeu
910 3231 978 3294 ead.
1003 3230 1061 3293 die.

206 3341 252 3400 15.
277 3333 438 3399 Johannes
460 3333 623 3398 Struehler
646 3336 683 3398 de
700 3335 795 3398 Horw
820 3335 870 3398 die
892 3334 947 3398 vlt.
975 3333 1063 3416 Junij
1088 3332 1202 3396 dedit]
1224 3353 1247 3393 1.
1272 3350 1402 3414 pauper.

207 3445 255 3504 16.
279 3438 351 3504 Joh.
376 3438 526 3523 Meynrat
547 3439 585 3502 de
607 3439 782 3502 Dunsdorff
802 3438 930 3503 studens
954 3438 1089 3502 heidelb.
1115 3437 1197 3500 visit.
1224 3434 1332 3498 Maria.

206 3548 254 3607 11.
278 3542 440 3608 Johannes
464 3543 666 3608 Ylsenbrand
691 3544 727 3607 de
751 3542 943 3628 Muusingen
970 3547 1008 3606 16
1032 3541 1120 3625 Julij.

207 3654 255 3712 18.
281 3646 443 3712 Johannes
466 3647 572 3712 Betzel
596 3648 633 3712 de
657 3648 885 3733 Gamertingen
908 3649 957 3712 die
983 3653 1021 3712 18
1046 3645 1134 3729 Julij.

205 3759 254 3819 19.
280 3753 397 3837 Caspar
421 3752 564 3818 Gebhart
586 3754 623 3818 de
646 3754 676 3819 S.
703 3753 794 3818 Gallo
818 3753 918 3818 Mario
942 3753 1137 3839 Magdalene.

207 3862 257 3921 29.
282 3857 458 3922 Frideriaus
481 3857 614 3922 Motelin
638 3859 675 3922 de
699 3857 841 3922 Roohwil
864 3858 930 3923 eod.
956 3859 1014 3923 die.

207 3967 257 4027 21.
281 3961 441 4026 Arnoldus
465 3962 581 4027 Arnolt
606 3963 643 4027 de
666 3963 822 4046 Balingen
848 3968 889 4027 29
913 3963 1002 4046 Julij.

204 4072 254 4130 22.
278 4066 389 4131 Frater
412 4065 573 4132 Johannes
598 4066 737 4132 Brlihem
762 4068 798 4132 de
822 4068 929 4132 Gotho
951 4070 1050 4132 lector
1072 4087 1096 4130 s.
1122 4064 1289 4150 theologie.

273 4238 315 4292 57.
334 4237 370 4290 M.
384 4239 416 4292 A.
438 4239 512 4292 1491.
533 4270 564 4278 -
586 4243 610 4293 5.
630 4240 666 4292 M.
688 4242 719 4293 A.
742 4241 816 4293 1491.
836 4269 867 4280 -
887 4240 910 4292 6.
934 4241 971 4294 M.
996 4239 1029 4292 A.
1049 4239 1124 4293 1492.
1146 4269 1174 4278 -
1197 4239 1237 4292 13.
1256 4233 1406 4303 HeydUlr.

203 4323 292 4394 115.
329 4325 391 4380 Von
409 4325 468 4380 ihm
491 4325 578 4379 heisst
602 4343 630 4380 es
654 4327 698 4380 bei
716 4327 765 4381 der
783 4327 874 4382 Prom.
900 4326 949 4381 der
968 4325 1047 4380 Baoe.
1074 4326 1154 4380 1189:
1181 4324 1230 4378 ille
1247 4323 1334 4378 habet
1352 4321 1407 4392 pri-

204 4429 281 4466 mum
299 4411 406 4476 locum,
431 4413 498 4481 quia
522 4412 624 4467 nobilis
649 4413 715 4468 Mle.
735 4444 767 4454 -
789 4412 1034 4469 1181111111.
1055 4443 1086 4451 —
1109 4413 1148 4469 16.
1167 4412 1204 4464 M.
1223 4409 1256 4462 A.
1277 4409 1353 4464 1493.
1372 4438 1404 4446 -

205 4500 247 4553 29.
266 4501 302 4554 Μ.
323 4500 355 4555 A.
377 4502 452 4555 1492.
