3442 5314
346 469 388 532 48
696 465 729 518 ·8.
754 463 887 518 Statuten
907 481 969 521 vom
988 463 1189 521 aditura.

439 623 558 689 Nullus
588 624 695 708 itaque
731 623 903 688 Raetorum
940 623 1068 689 nomine
1096 624 1313 690 uniuersitatis
1343 626 1381 690 de
1411 627 1553 711 pecuniis

345 730 482 795 eiusdem
505 730 574 794 sine
596 730 678 794 scitu
696 732 728 794 et
744 739 904 794 consensu*
916 731 1011 810 illius,
1036 730 1183 815 cuiquam
1200 731 1369 815 quicquam
1386 731 1551 817 largiatur.

343 835 391 900 De
412 836 519 900 valore
547 838 654 899 tamen
689 835 782 899 vuius
818 835 930 900 floreni
953 841 984 900 et
1007 835 1092 900 infra
1114 837 1258 922 personis
1280 837 1424 917 aduenis,
1461 838 1553 902 dum·

343 941 436 1004 modo
452 940 607 1004 notabiles
627 939 757 1018 fuerint,
775 963 834 1024 pro
849 941 970 1006 honore
988 941 1215 1021 uniuersitatis,
1236 945 1269 1006 et
1284 941 1355 1006 aliia
1369 943 1553 1008 necessariis

342 1045 560 1110 uniuersitatis
576 1044 779 1130 exigentibus
794 1046 934 1132 negotiis
951 1045 1078 1112 Rectcri
1098 1069 1157 1131 pro
1180 1051 1322 1132 tempore
1337 1047 1445 1113 licebit
1460 1071 1551 1134 pro-

342 1152 492 1235 pinem
520 1149 624 1214 facere
646 1149 842 1214 moderatam
865 1149 1046 1216 Dummodo
1076 1155 1182 1216 tamen
1206 1173 1393 1218 consensum
1417 1153 1457 1218 ab
1479 1175 1549 1218 om·

342 1255 436 1319 uibus
459 1255 657 1340 singularum
687 1253 879 1319 facultatum
902 1255 1028 1320 decanis
1051 1255 1232 1339 requisierit
1255 1263 1287 1323 et
1302 1259 1398 1323 talem
1415 1259 1455 1323 ab
1471 1259 1549 1344 ipsis

342 1367 398 1427 aut
420 1362 538 1426 maiore
562 1361 733 1426 eorundem
756 1365 847 1446 parte
869 1361 1054 1427 obtinuerit.

432 1466 515 1531 Item
540 1465 709 1530 statuimus
734 1470 765 1530 et
780 1467 973 1546 ordinamus,
998 1468 1080 1552 quod
1096 1467 1212 1532 Rector
1227 1465 1411 1532 facultatem
1435 1467 1551 1532 habeat

342 1571 522 1658 corrigendi
545 1592 752 1636 excessus
781 1572 1043 1637 studentium
1058 1572 1276 1638 uniuersitatis
1290 1595 1362 1637 cum
1378 1574 1550 1640 directione

342 1701 468 1744 suorum
494 1677 748 1743 consiliariorum
772 1678 812 1742 ad
834 1677 940 1743 minus
965 1678 1099 1743 duorum
1122 1679 1183 1742 rite
1205 1677 1429 1762 deputatorum
1443 1679 1548 1766 Magi-

342 1788 425 1848 stros
447 1787 555 1847 tamen
579 1785 611 1846 et
634 1783 831 1866 superiorum
861 1783 1049 1848 facultatum
1084 1783 1263 1848 licentiatos
1287 1784 1370 1848 solua
1392 1785 1550 1871 corrigere

343 1909 405 1953 non
431 1891 611 1970 attemptet,
635 1867 699 1952 sed·
713 1886 785 1951 illos
808 1889 1100 1971 representantibus
1115 1875 1355 1954 uniuersitatem
1371 1891 1547 1974 puniendos

341 1993 486 2058 remittat
501 1991 601 2056 Sicuti
625 1993 722 2058 etiam
745 1993 780 2056 iu
803 1993 936 2058 aliorum
959 1993 1207 2058 correctionibus
1223 1994 1331 2074 faeiat,
1355 1995 1382 2059 si
1397 1997 1549 2061 notabilis

344 2099 508 2164 emerserit
529 2095 713 2162 difficultas.
760 2096 884 2162 Poterit
905 2099 1001 2164 etiam
1024 2099 1150 2165 nector·
1163 2122 1219 2165 suu
1243 2101 1392 2166 mandata
1414 2103 1472 2166 sub
1494 2125 1549 2187 pe-

340 2203 485 2269 cuniaria
507 2225 589 2288 pena
611 2203 776 2268 moderata
798 2205 1009 2291 promulgare.

430 2309 513 2373 Item
529 2307 644 2372 Rector
661 2329 824 2392 nunquam
848 2309 916 2375 sine
939 2311 1154 2376 uniuersitatis
1171 2310 1294 2376 decreto
1317 2313 1375 2377 snb
1398 2312 1546 2378 obedien-

338 2415 384 2478 tie
407 2417 462 2478 aut
485 2411 612 2498 prestiti
636 2413 809 2478 iuramenti
835 2399 941 2480 debito
964 2417 1298 2483 uniuersitatem
1324 2418 1454 2482 eandem
1471 2439 1547 2483 con-

339 2523 449 2596 uocet,
482 2519 545 2582 nisi
575 2517 674 2582 ardua
709 2519 875 2584 necessitas
910 2519 1101 2604 euidensque
1133 2521 1216 2586 aliud
1241 2527 1389 2608 exposcat
1411 2523 1544 2601 utilitas,

338 2647 434 2708 quam
457 2645 515 2708 per
538 2623 683 2687 dominos
707 2624 895 2688 facultatum
912 2624 1045 2690 decanos
1067 2625 1117 2691 vel
1140 2627 1281 2711 ipsorum
1296 2627 1379 2692 vices
1399 2631 1545 2714 gerentes

343 2734 420 2794 tunc
444 2733 634 2794 conuocatos
657 2728 802 2794 volumus
825 2731 1003 2816 approbari.
1049 2731 1197 2797 Preterea
1212 2733 1249 2799 ad
1267 2733 1451 2798 euitandam
1474 2733 1544 2797 vni·

338 2835 499 2900 uersitatis
522 2835 780 2900 conuocationem
803 2835 977 2900 indebitam
1009 2839 1040 2901 ct
1065 2841 1192 2902 actuum
1222 2837 1458 2902 scolasticorum
1481 2839 1543 2902 im-

338 2940 530 3024 pedimenta,
555 2939 731 3004 Statuimus
755 2941 838 3025 quod
854 2939 970 3006 Rector
985 2943 1044 3007 sub
1064 2965 1147 3027 pena
1162 2943 1339 3022 arbitraria,
1363 2942 1402 3006 ad
1425 2942 1544 3007 nullius

338 3046 463 3129 priuata
503 3067 636 3129 persone
683 3045 921 3129 requisitionem
959 3050 1060 3113 totam
1101 3049 1341 3114 uniuersitatem
1383 3053 1542 3129 conuocet

341 3151 403 3216 nisi
426 3171 521 3214 causa
543 3173 562 3214 a
584 3151 765 3235 requirente
788 3153 925 3238 allegata
946 3175 1003 3237 per
1027 3155 1104 3220 duos
1121 3155 1253 3220 decanos
1269 3155 1318 3219 vel
1340 3154 1543 3219 vicedecanos

337 3255 536 3340 singularum
560 3255 750 3320 facultatum
768 3256 911 3342 legitime
934 3264 1121 3325 conuocatos
1137 3259 1296 3325 sufficiens
1313 3259 1412 3324 fuerit
1427 3282 1544 3344 appro-

336 3361 421 3426 bata.
468 3360 570 3437 Quam
593 3361 747 3425 siminus
768 3362 980 3428 sufficientem
995 3366 1180 3450 repererint,
1204 3387 1259 3450 per
1274 3387 1307 3430 se
1322 3387 1393 3430 cum
1411 3363 1544 3430 Rectore

337 3465 483 3530 decidant
507 3470 562 3530 aut
585 3467 624 3530 ad
646 3465 814 3533 Rectorem
837 3472 870 3532 et
892 3490 963 3533 suos
989 3469 1191 3535 Consiliarios
1214 3471 1390 3548 remittant,

427 3569 562 3634 Titulus
587 3570 731 3656 deinceps
747 3571 890 3638 Rectoris
913 3575 987 3639 talis
1010 3575 1080 3654 erit,
1104 3575 1260 3641 Rector
1282 3575 1543 3642 uniuersita-

336 3674 394 3741 tis
428 3675 572 3740 studii
602 3675 922 3762 Tuwingensis.
976 3677 1068 3745 Vnde
1098 3683 1125 3745 is
1157 3705 1213 3746 sua
1244 3681 1394 3746 mandata
1415 3681 1544 3766 publiea

336 3781 382 3844 sie
404 3780 543 3845 scribat:
582 3780 715 3848 Mandat
746 3786 893 3850 omnibus
916 3791 949 3851 et
971 3788 1117 3873 siugulis
1139 3789 1274 3853 dominis
1298 3788 1479 3854 doctoribus
1502 3787 1543 3852 li-

335 3886 482 3951 centiatis
515 3887 677 3972 magistris
710 3889 870 3956 nobilibus
901 3893 1075 3958 scolaribus
1106 3894 1281 3978 ceterisque
1314 3894 1488 3979 suppositis
1511 3899 1545 3959 et

333 3989 484 4055 membris
506 3991 726 4059 uniuersitatis
750 3995 897 4062 eiusdem.

422 4095 503 4162 Item
518 4097 663 4164 baeeulos
687 4107 719 4165 et
742 4108 877 4188 sceptra,
901 4106 1101 4171 matriculam
1125 4111 1156 4172 et
1173 4107 1309 4192 registra
1324 4103 1542 4170 uniuersitatis

335 4206 431 4286 atque
455 4205 630 4268 rectoratus
654 4205 797 4290 sigillum
821 4207 937 4274 Rectcr
959 4211 1115 4276 custodiat
1145 4210 1315 4298 diligenter
1337 4211 1406 4274 sine
1429 4210 1542 4295 quouis

336 4307 548 4385 alienatione,
583 4329 639 4373 suo
673 4314 800 4377 tantum
834 4315 968 4379 durante
995 4315 1109 4381 officio.
1167 4315 1235 4392 Quo
1263 4317 1349 4401 lapso
1373 4315 1541 4380 successori

282 4451 284 4455 .
333 4431 389 4476 suo
413 4412 516 4476 iurato
547 4435 583 4478 ea
618 4415 745 4502 singula
768 4421 825 4484 sub
858 4422 963 4486 debito
993 4423 1119 4506 prestiti
1147 4422 1195 4487 sui
1218 4421 1389 4486 iuramenti
1412 4441 1540 4505 presen-

333 4520 402 4582 tare
423 4521 578 4583 teneatur.
