3462 5320
560 480 601 536 41.
621 483 755 540 Statuten
773 479 799 534 d.
819 479 852 533 U.
872 496 926 535 von
947 480 1022 536 1537.
1321 480 1384 546 229

188 641 345 716 florenus;
368 663 387 706 a
409 641 544 725 petitore
567 642 599 706 iu
622 643 733 708 iuditio
756 641 868 720 debiti,
891 641 918 705 si
940 640 1012 724 plus
1025 640 1144 706 floreno
1166 662 1228 705 vno
1250 624 1384 726 petatur,

189 746 366 812 cruciatum
387 745 522 813 Notario
546 749 670 836 exigere
692 749 793 827 liceat,
818 747 973 813 siminus
996 745 1170 812 dimidium.

275 850 428 917 Similiter
450 857 482 918 et
503 853 699 920 minister
722 854 940 941 publicus,
965 853 1020 937 qui
1042 851 1238 936 pedellus
1261 851 1384 931 dicitur,

189 960 317 1023 uocatus
347 958 386 1022 ad
416 957 475 1023 hoc
504 982 618 1025 munus
642 960 674 1025 in
707 982 752 1024 ea
766 958 884 1026 iurabit
916 958 951 1022 in
974 979 1044 1042 quae
1064 957 1248 1040 profitentes
1270 977 1385 1021 nomen

189 1083 281 1128 suum
312 1063 395 1146 apud
419 1063 583 1129 Rectorem
613 1065 717 1130 iurare
739 1065 850 1130 solent.
896 1063 1004 1148 Atque
1034 1063 1178 1146 insuper,
1209 1083 1242 1126 se
1271 1083 1386 1126 munus

189 1189 280 1232 suum
312 1189 384 1232 oum
411 1169 472 1234 fide
504 1173 536 1234 et
565 1169 732 1255 diligentia
764 1174 945 1256 gesturum,
981 1167 1193 1253 praestiturum
1224 1166 1385 1232 silentium

189 1271 396 1338 celendorum.

277 1377 422 1445 Minister
444 1378 589 1463 publicus
612 1379 712 1444 indies
734 1380 773 1444 ad
797 1379 965 1444 Rectorem
989 1378 1145 1456 accedito,
1179 1377 1263 1462 quod
1285 1377 1387 1443 iussus

196 1483 291 1548 tuerit
313 1485 485 1569 exequitor,
510 1485 604 1549 semel
628 1484 704 1550 item
720 1485 759 1550 ad
774 1485 973 1570 singularum
988 1483 1219 1570 professionum
1233 1481 1385 1562 Decanos,

191 1589 392 1675 promulgato
415 1611 484 1674 quae
507 1590 545 1654 de
567 1611 654 1656 more
676 1594 914 1668 consueuerant,
937 1594 1010 1654 ante
1026 1589 1190 1655 Rectorem
1206 1610 1276 1654 cunr
1298 1612 1385 1674 scep-

193 1697 242 1758 tro
258 1693 403 1772 incedito,
430 1695 463 1758 in
478 1695 686 1761 conuentibus
701 1697 883 1761 solennibus
900 1696 1016 1775 adesto,
1040 1693 1252 1760 ordinationes
1267 1698 1386 1772 curato,

192 1797 378 1863 denuntiato
408 1798 552 1877 Hectori,
583 1801 610 1865 si
642 1823 721 1885 quos
753 1801 939 1885 compererit
969 1822 1027 1886 pro
1054 1800 1203 1865 studiosis
1225 1822 1257 1865 se
1279 1821 1387 1887 gerere

193 1925 294 1987 neque
316 1903 413 1969 fuisse
440 1927 495 1970 sua
518 1907 601 2007 apud
624 1905 789 1972 Rectorem
813 1907 944 1972 nomina
965 1905 1136 1990 professos,
1167 1906 1386 1991 delinquentes

193 2012 305 2074 contra
334 2009 419 2094 leges
441 2014 472 2074 et
495 2013 614 2075 statuta
636 2009 861 2076 Vniuersitatis
891 2016 924 2076 et
945 2011 1088 2076 Rectoris
1119 2011 1201 2096 apud
1223 2009 1386 2075 Rectorem

193 2113 352 2198 postulato
381 2119 474 2198 atquc
505 2117 636 2180 accuset.
690 2114 810 2192 Quibus
841 2117 950 2181 multae
983 2116 1074 2181 dictae
1098 2117 1201 2193 fuere,
1234 2119 1386 2180 annotata

194 2219 321 2285 illorum
345 2220 473 2284 nomina
495 2219 611 2285 habeto
633 2227 665 2285 et
688 2221 812 2308 erigere
842 2221 977 2287 studeto.
1023 2219 1095 2286 Vno
1118 2221 1243 2308 integro
1265 2220 1314 2286 illi
1337 2220 1387 2285 die

194 2328 282 2388 extra
304 2325 455 2409 oppidum
478 2324 584 2390 abesse
613 2326 662 2390 ius
686 2329 748 2391 non
772 2332 858 2404 esto,
892 2327 954 2392 nisi
978 2327 1092 2392 Rector
1113 2327 1173 2392 hoo
1195 2326 1244 2390 illi
1265 2327 1387 2410 petenti

194 2430 387 2507 concesserit,
414 2453 516 2515 neque
531 2431 680 2510 triduum,
704 2433 766 2496 uisi
782 2432 985 2519 permiserint
1007 2435 1143 2516 quatuor
1157 2431 1386 2518 professionum

196 2556 298 2602 omnes
321 2535 448 2602 Decsni.

571 2715 689 2780 Merces
712 2714 852 2780 ministri
874 2714 1004 2799 publici.

279 2851 326 2916 De
347 2854 480 2937 pecunia
502 2875 571 2938 quae
586 2852 746 2917 numerari
768 2853 850 2918 solet
872 2853 913 2917 ab
936 2853 975 2938 ijs
998 2874 1132 2936 quorum
1157 2850 1286 2915 nomina
1308 2849 1386 2913 reci-

197 2957 327 3041 piuntur
348 2958 521 3036 aRectore,
545 2959 633 3024 cedet
657 2980 719 3022 una
740 2981 813 3043 pars
828 2959 924 3023 tertia
938 2958 1087 3024 ministro
1103 2956 1238 3042 publico.
1275 2953 1310 3019 Si
1332 2953 1387 3037 qui

196 3066 288 3126 erunt
306 3062 473 3128 nobilitate
503 3069 535 3129 et
557 3065 714 3149 dignitate
736 3067 942 3149 praestantes,
980 3064 1096 3148 quique
1118 3063 1152 3126 in
1175 3057 1388 3144 superioribus

193 3166 347 3251 subsellijs
370 3168 504 3233 assidere
526 3169 645 3245 uelint,
670 3169 692 3251 ij
717 3169 837 3234 dabunt
859 3169 1009 3233 ministro
1031 3167 1177 3252 publico,
1205 3165 1330 3250 quando
1353 3163 1385 3227 in

192 3271 299 3336 album
322 3272 549 3340 Vniuersitatis
562 3265 570 3283 ’
583 3273 713 3337 nomine
746 3273 888 3357 ipsorum
911 3273 1141 3349 inscribentur,
1175 3271 1286 3335 floreni
1309 3292 1386 3353 que-

193 3378 347 3456 drantem,
371 3377 414 3442 Et
435 3379 570 3465 singulis
587 3377 732 3442 Calendis
748 3377 908 3462 Januarijs
931 3377 1106 3443 liberaliter
1128 3374 1262 3440 eundem
1284 3396 1386 3439 remu-

192 3483 395 3548 nerabuntur.
441 3483 501 3560 Qui
524 3483 616 3548 citari
631 3506 687 3568 per
708 3483 794 3549 hunc
817 3484 955 3567 aliquem
970 3483 1115 3560 uoluerit,
1140 3481 1228 3546 dabit
1242 3482 1387 3545 numulos

192 3589 276 3654 duos.
323 3587 383 3665 Qui
401 3589 548 3654 arrestari
564 3593 707 3674 quatuor.
750 3587 829 3654 Cum
845 3589 980 3655 honores
997 3590 1155 3674 aliquibus
1171 3589 1387 3663 decernentur,

193 3698 347 3759 statutam
379 3717 398 3757 a
427 3695 562 3780 singulis
592 3694 842 3780 professionibus
865 3695 1040 3760 mercedem
1072 3695 1202 3760 auferet.
1248 3692 1388 3769 Quatuor

192 3821 317 3883 quoque
341 3799 418 3863 anui
441 3802 615 3884 temporum
640 3802 801 3866 dabuntur
831 3799 905 3866 huic
927 3824 945 3865 a
967 3801 1129 3887 discipulis
1151 3798 1246 3882 studij
1271 3798 1387 3863 artium

192 3903 390 3969 inhonoratis
412 3905 537 3969 numuli
559 3910 643 3985 tres,
664 3928 684 3969 a
708 3905 917 3970 Baccalaureo
948 3911 1099 3992 quatuor,
1133 3930 1151 3971 a
1174 3904 1333 3990 discipulis
1357 3909 1389 3969 et

193 4008 340 4074 studiosis
363 4009 495 4074 aliarum
518 4011 750 4096 professionum
772 4033 834 4076 sex.
881 4011 991 4077 Eidem
1022 4017 1054 4078 et
1076 4013 1114 4076 de
1136 3999 1312 4077 multaticia
1333 4032 1387 4095 pe-

193 4115 286 4180 cunia
309 4115 435 4206 dabitur
458 4139 532 4201 pars
554 4117 659 4182 tertia.

400 4289 453 4355 De
474 4289 655 4376 Syndico
679 4291 1000 4358 Vniuersitatis
1022 4313 1103 4378 cap.
1128 4297 1178 4358 23.

279 4431 505 4518 Syndicum
527 4432 726 4499 Vniuersites
749 4436 835 4521 leget
857 4435 963 4500 virum
984 4435 1120 4513 bonum,
1152 4436 1387 4519 procuratorem

196 4559 301 4603 rerum
324 4561 469 4618 suarum,
503 4537 562 4604 hoc
583 4539 639 4604 fiet
661 4539 786 4605 circiter
809 4537 900 4605 VIII.
924 4541 989 4607 Cal.
1012 4539 1100 4626 Julij.
1148 4537 1251 4605 Huius
1274 4559 1388 4604 munus
