3320 5308
657 491 742 547 1616.
852 449 855 454 ’
1239 494 1302 557 653

190 701 255 766 Sub
285 701 487 766 celeberrimo
519 700 685 784 theologiae
720 723 743 764 s.
776 700 961 785 protessoris
992 699 1116 778 officio,
1152 701 1304 764 nimirum

105 807 233 872 rectoris
255 806 293 870 D.
319 806 357 870 D.
384 805 486 871 Gener
511 806 650 870 Muenna
678 805 976 888 Furetenbergensis
1004 828 1022 869 a
1045 803 1075 869 S.
1100 803 1201 868 Lucae
1224 804 1304 868 festo

104 935 129 976 a.
158 918 238 977 1532
263 913 423 995 adusque
447 911 531 976 Phil.
556 917 587 977 et
610 910 676 976 Jae.
702 911 783 976 diem
810 916 901 975 1533.

126 1075 153 1133 1.
176 1069 369 1134 Hainriehus
392 1069 520 1134 Mielieh
543 1092 581 1134 ex
602 1067 781 1154 Lantsperg
809 1067 848 1133 Α.
875 1069 917 1134 Μ.
944 1073 994 1134 24.

125 1179 153 1236 2.
178 1172 318 1239 Joannes
342 1160 491 1260 Ottiuger
514 1197 551 1238 ex
575 1174 794 1238 Chollenstain
819 1179 870 1239 24.

125 1283 154 1341 3.
178 1278 316 1344 Jeannes
338 1278 522 1344 Joachimus
545 1277 684 1343 Kitrsser
706 1302 744 1344 ex
769 1278 877 1342 Baden
902 1283 952 1344 25.

124 1389 153 1446 4.
179 1383 292 1448 Petrus
314 1383 431 1449 Echter
454 1390 473 1449 a
496 1384 694 1449 Messelbrun
726 1389 776 1448 21.

599 1487 800 1554 NouembriS.

125 1599 153 1658 5.
178 1593 379 1659 Sebastianus
402 1594 447 1658 im
470 1594 596 1660 Graben
620 1595 885 1660 bFelehkirehen
903 1599 932 1658 2.

125 1704 153 1762 6.
178 1698 318 1764 Joannes
341 1699 461 1785 Vogler
484 1723 521 1765 ex
544 1700 792 1766 Vndernturken
817 1706 847 1764 4.

125 1810 153 1868 7.
178 1803 356 1888 Stephanus
379 1803 440 1868 Sar
464 1828 501 1870 ex
524 1805 693 1892 Esslingen
726 1813 774 1870 11.

125 1913 154 1972 8.
179 1908 382 1973 Bernhardue
406 1908 530 1997 Kbsing
553 1933 590 1975 ex
612 1911 859 1976 Vndernttirken
893 1916 940 1976 12.

126 2020 155 2078 9.
179 2015 276 2080 Vitus
299 2014 393 2101 Lung
416 2017 454 2081 de
477 2016 597 2082 Plauek
622 2021 672 2081 20.

104 2124 153 2184 10.
177 2119 368 2185 Wilhelmus
392 2121 458 2186 Rot
481 2145 519 2186 ex
547 2122 644 2186 Vlma
665 2127 715 2186 21.

107 2229 153 2288 11.
177 2224 291 2290 Petrus
314 2225 451 2292 Jodoeus
475 2251 512 2292 611
536 2229 691 2313 superiori
715 2227 904 2312 Eugendiua
927 2233 977 2292 21.
1005 2235 1018 2292 1
1046 2253 1070 2293 e.

106 2334 155 2392 12.
179 2330 351 2395 Heinrieus
374 2330 489 2396 Shedel
511 2332 549 2396 de
571 2332 764 2418 Stuggardia
791 2339 839 2397 18.

106 2440 153 2497 13.
178 2434 336 2500 Cunratus
361 2436 467 2500 Thum
492 2460 529 2501 ex
553 2437 708 2522 Neuburg
733 2444 781 2502 18.

15 2560 20 2569 ·
104 2545 153 2603 14.
178 2539 273 2604 Vitus
296 2541 415 2605 Mutzel
440 2542 662 2628 (Miitsehelin)
685 2565 723 2607 ex
745 2543 949 2630 Herreuberg
973 2549 1024 2610 26.

603 2647 793 2714 Decembris.

105 2753 152 2814 15.
177 2747 380 2816 Sebastianus
403 2775 422 2815 a
444 2751 588 2818 Leourod
611 2775 678 2818 ean.
704 2753 905 2819 Eistettensis
933 2756 1015 2819 stud.
1039 2753 1174 2842 Ingolst.

104 2859 152 2918 16.
177 2853 390 2922 Christoferus
413 2855 604 2946 Lenrberger
628 2863 647 2923 6
669 2859 864 2944 Trypbstaiu
889 2861 971 2925 stud.
996 2861 1130 2946 Ingolet.
1157 2870 1206 2928 16.

105 2964 152 3024 17.
177 2959 312 3024 Jaeobus
335 2961 516 3048 Spengerus
540 2987 578 3028 611
599 2963 760 3029 Winenda
785 2972 797 3028 1
825 2988 848 3029 e.
880 2971 930 3030 20.

103 3070 152 3128 18.
178 3065 331 3151 Georgius
354 3067 483 3132 Raeoris
507 3067 663 3154 (Seberer)
688 3092 725 3133 ex
751 3070 916 3156 Hiuingen
941 3057 1142 3157 (Hyfuugen)
1173 3080 1227 3138 16.
1247 3079 1297 3139 26.

653 3174 748 3239 1533.
805 3241 820 3257 .

621 3277 776 3344 Jauuarii.

103 3387 151 3446 19.
176 3379 315 3446 Joannes
338 3382 442 3448 Fuehs
466 3405 484 3446 a
507 3382 663 3449 Bimbaeh
687 3390 744 3450 etc.
770 3385 924 3470 (Nobilis)
954 3390 983 3450 3.

611 3491 785 3556 Februarii.

15 3643 19 3648 .
100 3595 152 3654 20.
176 3590 370 3658 Eberhartns
394 3592 528 3660 Hainlin
553 3598 590 3662 de
612 3595 798 3684 Pfullingen
829 3604 877 3662 14.

642 3703 761 3768 Martii.

99 3806 151 3865 21.
176 3801 249 3868 Geo.
274 3803 381 3871 Ritter
403 3808 441 3872 de
465 3793 607 3894 sitingen
631 3808 820 3894 capellanus
843 3807 932 3894 hosp.
959 3807 1095 3893 Tubing.
1123 3812 1173 3872 25.
1269 3805 1276 3820 ”

99 3911 150 3969 22.
175 3906 269 3972 Vitus
293 3908 387 3973 Tholl
410 3933 448 3975 ex
471 3912 689 3980 Wetenhusen
721 3917 770 3978 25.

98 4015 150 4074 25.
175 4010 346 4078 Lutouieue
370 4015 578 4082 Thelmetseh
601 4020 639 4083 de
663 4019 847 4104 Grbningen
879 4026 929 4085 28.

98 4122 150 4181 24.
174 4116 368 4182 Wernherus
393 4121 431 4184 de
455 4121 673 4209 Munehingeu
697 4129 747 4188 29.

97 4227 149 4286 25.
173 4220 312 4287 Joennes
335 4223 526 4290 Wilhelmus
551 4227 588 4293 de
611 4229 753 4294 Wernau
777 4234 827 4294 29.

168 4395 190 4448 9.
210 4415 228 4447 a.
251 4394 344 4451 8138.
366 4429 395 4436 —
419 4401 458 4453 15.
478 4403 550 4455 treta
570 4401 617 4456 des
631 4401 797 4458 Canonieats
815 4403 861 4458 ein
879 4403 976 4458 wilder
988 4401 1107 4458 Student
1125 4403 1151 4458 S.
1173 4405 1222 4458 131
1240 4403 1298 4456 und

96 4481 149 4536 As.
171 4485 246 4537 1534.
266 4516 297 4524 -
319 4487 359 4539 18.
379 4485 525 4556 Hiifingen.
545 4519 576 4528 —
598 4493 638 4544 19.
657 4491 724 4545 iiber
749 4491 822 4546 aeine
841 4492 963 4546 Streiche
982 4509 1002 4546 e.
1022 4490 1071 4545 AS.
1096 4493 1162 4547 1534
1181 4510 1207 4544 u.
1227 4492 1298 4547 oben

94 4572 122 4626 S.
146 4572 202 4626 138.
223 4603 253 4611 -
274 4575 315 4627 24.
335 4573 435 4644 OVogt
453 4573 484 4629 in
501 4575 645 4647 Leonberg
664 4580 741 4634 1552.
