3504 5322
352 475 415 539 366
816 473 947 531 facultas
965 477 1084 532 Artium.

350 632 578 710 dissecando,
611 633 675 695 nisi
704 655 798 718 super
828 655 863 698 eo
886 655 943 719 per
973 634 1157 700 facultatem
1180 636 1277 702 fuerit
1298 661 1404 705 seeum
1426 639 1553 724 dispen-

352 742 454 802 satum
479 735 497 800 ¹.

440 847 494 906 68.
519 841 553 906 Μ
565 841 763 925 agistran
776 843 845 906 dus
868 864 943 907 vero
965 843 1093 922 iurabit,
1118 844 1201 926 quod
1217 845 1344 911 Rectori
1360 847 1554 913 Oanoellario

352 949 384 1010 et
408 946 674 1012 Vieeeancellario
696 946 790 1010 huius
812 946 894 1011 alme
917 946 1144 1012 Vniuersitatis
1176 947 1336 1014 decentem
1360 953 1481 1016 deferat
1504 973 1553 1016 re·

352 1053 531 1116 uereneiam
552 1057 584 1115 et
607 1052 769 1130 honorem,
794 1053 971 1116 secundo
994 1052 1077 1135 quod
1094 1073 1152 1136 pro
1174 1073 1263 1136 posse
1286 1076 1342 1120 suo
1365 1056 1549 1140 procurabit

349 1158 468 1221 bouum
492 1156 586 1220 huius
617 1157 699 1220 alme
729 1157 945 1222 rniuersitatis
969 1162 1000 1220 et
1022 1156 1185 1221 facultatis
1208 1159 1345 1237 artium
1378 1163 1420 1225 ad
1441 1183 1556 1245 qm—

351 1283 474 1344 cunque
504 1265 620 1326 statum
656 1261 761 1344 ipsum
792 1263 957 1347 pervenire
979 1264 1155 1347 contingat,
1187 1265 1325 1328 tereio
1348 1267 1432 1347 quod
1455 1267 1554 1330 istum

353 1367 487 1450 gradum
511 1366 640 1432 licencie
664 1367 695 1430 iu
713 1367 803 1431 nulla
822 1369 884 1432 alia
899 1368 1107 1433 uniuersitate
1122 1372 1270 1448 resumat,
1295 1373 1447 1453 quarto
1471 1371 1554 1454 quod

352 1471 380 1534 si
403 1471 568 1556 contingat
590 1491 662 1534 eum
694 1472 903 1537 determinare
925 1477 981 1536 aut
1002 1473 1191 1555 respondere
1221 1473 1255 1537 in
1279 1474 1412 1539 materia
1434 1475 1551 1540 verita-

354 1580 418 1638 tem
444 1575 516 1640 fidei
531 1579 694 1660 tangente,
718 1580 753 1640 vt
768 1577 806 1641 de
822 1577 983 1642 creacione
997 1581 1054 1641 aut
1069 1577 1179 1640 mundi
1194 1575 1363 1640 eternitate
1377 1578 1427 1642 vel
1443 1577 1553 1642 huius-

352 1680 456 1757 modi,
480 1680 562 1762 quod
586 1683 709 1764 partem
731 1681 804 1745 fidei
826 1682 948 1746 tenebit
970 1686 1002 1746 et
1024 1675 1199 1746 contrarias
1221 1682 1361 1746 raciones
1384 1704 1441 1766 pro
1464 1705 1554 1767 posse

358 1783 521 1861 dissoluet
545 1785 642 1868 quin
655 1783 721 1874 to„²
745 1786 827 1870 quod
852 1786 1022 1870 complebit
1044 1807 1163 1852 annum
1185 1786 1347 1871 integrum
1370 1792 1554 1871 postauam

354 1893 591 1973 promocionem
622 1890 839 1955 immediatum
872 1890 926 1979 hic
956 1891 989 1956 in
1023 1877 1230 1956 uniuersitete
1264 1891 1369 1956 studio
1403 1892 1552 1970 vacando,

351 1995 413 2058 nisi
436 2017 492 2078 per
515 1995 697 2061 facultatem
720 1997 837 2061 artium
862 2017 957 2080 super
978 1995 1037 2060 hoc
1059 2017 1165 2060 secum
1180 1995 1278 2060 fuerit
1297 1997 1514 2081 dispensatum
1530 1997 1552 2059 ³.

350 2167 526 2233 Statuta
546 2169 661 2234 infra
683 2171 852 2254 scripta
873 2170 1110 2254 diligenter
1132 2177 1231 2236 sunt
1253 2168 1551 2237 attendenda⁴.

436 2313 487 2372 69.
511 2306 632 2373 Statuit
654 2310 771 2374 artium
794 2309 937 2386 facultas,
963 2311 1047 2393 quod
1070 2311 1107 2375 de
1130 2316 1232 2375 cetero
1255 2312 1362 2374 nullus
1379 2311 1551 2395 Magistro·

349 2434 418 2476 rum
443 2414 480 2477 de
503 2415 608 2496 aliquo
631 2413 780 2478 exercicio
801 2413 873 2497 plus
903 2413 1090 2500 depasta
1116 2415 1239 2501 exigere
1270 2415 1382 2480 debeat
1403 2437 1422 2478 a
1444 2413 1551 2479 Scola-

350 2518 455 2594 libna,
488 2539 583 2603 quam
614 2518 674 2581 sibi
706 2517 813 2583 cedere
835 2518 929 2582 debet
950 2519 1039 2582 iuxta
1069 2523 1173 2584 ratum
1204 2521 1365 2604 temporie.
1412 2517 1551 2602 Tempus

353 2627 460 2686 autem
483 2622 730 2708 computandum
753 2622 820 2687 fore
843 2622 976 2686 facultas
999 2623 1137 2688 declarat
1153 2645 1172 2687 a
1187 2625 1290 2708 primo
1313 2624 1371 2701 die,
1396 2645 1458 2707 qno
1481 2623 1552 2705 quis

447 2847 566 2908 ¹Punct
592 2857 609 2909 4
633 2855 707 2910 fehlt
723 2855 754 2909 ia
773 2849 810 2915 B.
897 2847 1034 2914 ²ebenso.

446 2950 458 2989 ³
476 2957 544 3013 Hier
561 2959 637 3030 folgt
653 2959 683 3013 in
702 2953 738 3018 Β.
762 2961 811 3016 der
829 2961 919 3018 Titel:

350 3127 404 3192 De
426 3128 622 3213 expensis
645 3132 837 3213 tempore
859 3131 1172 3214 promotionum
1202 3153 1272 3216 per
1295 3132 1554 3197 facultatem

839 3235 1068 3300 faciendis

439 3373 588 3440 Habeant
619 3367 848 3439 examinatores
878 3375 1022 3458 quolibet
1052 3377 1101 3440 die
1130 3398 1188 3460 pro
1219 3378 1363 3442 examine
1389 3378 1554 3446 baccalau-

354 3480 544 3545 reandorum
566 3482 630 3542 tres
653 3479 709 3543 sol.
734 3483 766 3543 et
787 3477 921 3544 totidem
942 3481 980 3545 de
1002 3479 1145 3545 examine
1168 3483 1473 3567 magistrandorum,
1505 3508 1555 3550 se·

354 3588 440 3651 eluso
464 3585 607 3649 examine
638 3584 782 3668 publico,
813 3585 851 3650 de
882 3607 944 3668 quo
975 3586 1068 3651 aliter
1091 3608 1146 3670 per
1170 3586 1409 3652 uniuersitatem
1432 3595 1480 3655 est
1502 3611 1553 3653 or-

354 3691 508 3754 dinatum.

437 3793 518 3858 Item
541 3796 721 3880 magistris,
746 3796 800 3878 qui
823 3799 964 3879 tempore
987 3795 1211 3881 disputationis
1236 3794 1397 3859 ordinarie
1419 3801 1495 3861 sunt
1519 3798 1551 3861 in

353 3898 497 3963 examine
521 3905 577 3964 ete.
603 3899 790 3984 videsupra
812 3899 846 3962 in
869 3900 964 3964 titulo
988 3899 1026 3963 de
1048 3899 1263 3983 disputatione
1284 3900 1520 3984 magistrorum.

442 4003 523 4067 Item
545 4002 674 4068 famulis
705 4003 860 4082 ciuitatis
892 4004 946 4089 qui
969 4004 1132 4089 magistris
1157 4004 1291 4068 uouellis
1322 4004 1414 4084 vina,
1439 4008 1555 4090 quibus

349 4128 368 4173 a
393 4107 573 4173 consulibus
594 4109 767 4187 donantur,
791 4113 931 4194 portant,
956 4109 1023 4173 dari
1048 4109 1163 4174 debent
1187 4114 1204 4173 5
1228 4109 1284 4173 sol.

437 4210 520 4276 Item
544 4211 578 4275 in
600 4213 734 4296 prandio
757 4215 984 4300 magistrorum
1007 4217 1160 4298 quatuor,
1184 4214 1457 4278 baccalaureorum
1481 4235 1555 4280 vero

350 4317 412 4383 duo
435 4319 467 4381 et
491 4338 555 4382 non
577 4318 684 4401 plu'res
706 4319 799 4384 solidi
822 4311 861 4383 ad
884 4319 1024 4383 culinam
1047 4319 1214 4383 donentur.

439 4420 453 4458 ⁴
472 4419 567 4475 Dieser
585 4421 643 4476 und
662 4422 742 4478 beide
760 4421 892 4492 folgende
909 4422 998 4486 Titel‚
1025 4421 1127 4477 welche
1151 4421 1183 4475 in
1201 4421 1277 4476 einer
1297 4419 1466 4476 besondereu
1484 4419 1555 4474 Ord-

350 4523 429 4576 nung
446 4507 492 4561 filr
510 4508 555 4563 die
573 4509 679 4566 Bursen
697 4509 834 4580 begriffen
853 4509 977 4575 worden,
996 4510 1090 4566 fehlen
1108 4509 1139 4564 in
1157 4508 1187 4563 B.
