3464 5318
332 449 393 514 144
626 449 668 502 33.
687 446 833 502 Ordinatio
851 445 935 517 Regis
953 446 1122 502 Fcrdinandi
1142 448 1218 502 1525.

326 610 453 690 excepto
486 606 540 670 illo
571 605 722 670 hactenus
756 607 921 672 obseruata
955 605 1102 686 suasuro,
1137 609 1218 693 qnod
1250 632 1314 675 una
1348 610 1520 694 disputatio

327 711 469 776 subleuat
500 710 718 794 praesidentem
750 716 839 776 atot
861 710 1078 789 Lectionibus,
1109 717 1186 796 quot
1215 713 1300 779 horis
1329 714 1519 799 praesederit.

326 815 386 882 Sed
409 815 491 899 quod
512 837 576 880 non
598 815 661 879 nisi
691 815 724 879 in
748 816 817 900 ipsa
839 817 1062 908 disputationis
1092 816 1142 882 die
1173 819 1327 885 duntaxat
1348 843 1367 884 a
1388 821 1522 885 lectione

327 926 425 986 uacet.
473 921 566 986 Fiant
590 926 697 986 autem
726 921 955 1006 disputationes
989 921 1141 987 derebus
1165 924 1266 1008 ipsam
1289 947 1395 989 ueram
1420 924 1521 990 Theo-

286 1024 290 1032 ’
325 1027 444 1111 logiam
466 1026 652 1111 diuinasque
675 1025 854 1110 Scripturas
878 1027 1126 1111 respicientibus.

412 1130 679 1217 Aegrotaute
701 1131 806 1215 aliquo
828 1131 1054 1217 Magistrorum
1069 1131 1246 1218 'lbeolcgiae
1268 1135 1449 1201 obseruetur
1471 1159 1521 1201 or·

327 1237 447 1302 dinatio
471 1235 669 1316 Fundatoris,
694 1241 727 1302 et
749 1237 934 1322 agrotantis
956 1236 1138 1303 Leotionem
1164 1240 1278 1324 reliqui
1300 1241 1365 1306 eius
1387 1243 1521 1327 Collegae

327 1346 573 1428 prosequantur,
596 1363 636 1405 ne
658 1341 724 1406 ulla
747 1342 796 1407 dic
819 1342 887 1406 duae
911 1342 999 1407 iuxta
1019 1343 1185 1427 praefatum
1209 1345 1349 1410 ordinem
1371 1347 1520 1411 lectiones

327 1448 360 1512 iu
382 1448 507 1533 publico
523 1444 693 1510 Auditorio
716 1446 870 1511 deficiant.
916 1445 948 1511 Si
970 1469 1044 1512 uero
1067 1449 1117 1512 uel
1140 1451 1337 1534 perpetuatis
1359 1451 1411 1516 uel
1434 1473 1519 1535 quae·

326 1555 375 1618 uis
397 1551 460 1617 alia
481 1556 575 1636 pacta
597 1549 744 1616 condicio
767 1552 916 1629 obsistat,
949 1556 1026 1617 tunc
1048 1551 1247 1618 Vniuersitas
1270 1553 1448 1620 Substitutc
1471 1579 1520 1620 sa-

331 1657 443 1722 larium
467 1657 650 1734 constituat,
674 1677 714 1722 ne
729 1654 899 1721 Auditores
923 1656 1056 1721 lectione
1078 1657 1273 1724 fraudentur.
1318 1659 1443 1744 Siquis
1467 1683 1522 1725 au·
1610 1683 1613 1690 ·

328 1768 392 1828 tem
415 1767 488 1828 aute
510 1762 726 1827 conductionis
748 1784 813 1827 suae
834 1763 1007 1827 terminum
1022 1762 1197 1844 decesserit,
1220 1765 1313 1829 lectio
1336 1787 1392 1849 per
1413 1787 1520 1850 super-

327 1869 417 1933 stites
439 1867 592 1932 habeatur
605 1865 784 1950 Magistros,
808 1889 878 1931 cum
901 1866 1050 1952 stipendij
1075 1871 1144 1933 rata
1168 1891 1225 1953 pro
1247 1869 1398 1955 temporis
1420 1892 1520 1949 eursu,

328 1974 425 2038 donec
458 1971 538 2036 alius
560 1971 595 2034 in
618 1971 774 2036 demortui
796 1970 898 2035 locum
923 1976 1100 2057 assumptus
1131 1974 1235 2038 fuerit.
1280 1974 1353 2040 Non
1376 1975 1521 2039 obstante

326 2077 524 2143 ordinatione
546 2075 773 2142 Vniuersitatis
803 2098 989 2161 quacunque
1014 2081 1082 2140 tam
1105 2078 1245 2163 generali
1267 2101 1361 2163 quam
1384 2079 1519 2163 speciali.

412 2179 546 2246 Horas
568 2181 739 2247 lectionum
763 2185 913 2246 statuant
943 2181 1004 2265 ipsi
1031 2181 1171 2266 legentes
1194 2183 1398 2249 Auditoribus
1420 2185 1521 2270 magis

326 2287 556 2363 conuenientes,
581 2285 713 2351 alteram
730 2291 803 2352 ante
818 2291 849 2352 et
872 2288 1003 2352 alteram
1026 2291 1096 2372 post
1118 2290 1288 2355 meridiem.
1334 2289 1375 2356 Et
1398 2291 1517 2355 duobus

324 2392 504 2459 Senioribus
527 2389 754 2476 Magistrorum
777 2392 864 2477 optio
888 2393 931 2457 sit
953 2392 1090 2477 eligendi
1123 2415 1199 2477 quos
1232 2395 1401 2459 maluerint
1429 2396 1515 2472 duos,

326 2501 357 2560 et
379 2497 488 2562 deinde
511 2495 686 2561 iunioribus
710 2497 798 2575 alios,
821 2497 877 2563 Sin
899 2503 1004 2564 autem
1027 2499 1111 2564 inter
1132 2499 1215 2584 ipsos
1238 2501 1300 2564 aon
1326 2500 1516 2578 conuenerit,

325 2607 394 2668 tum
417 2623 473 2687 per
495 2609 594 2667 sortes
617 2603 801 2669 distributio
824 2605 888 2669 fiat.

412 2706 526 2772 Finitis
542 2710 648 2770 autem
662 2709 805 2793 praefatis
821 2711 1109 2794 quinquennalibus
1125 2699 1275 2791 cursibus
1299 2714 1326 2776 si
1347 2712 1517 2776 eorundem

325 2813 458 2877 lecturas
487 2816 610 2876 mutare
632 2813 751 2892 uelint,
775 2814 807 2878 id
829 2814 961 2879 arbitrio
983 2814 1157 2900 legentium
1179 2817 1409 2894 committatur,
1443 2818 1518 2880 dnm

326 2923 431 2983 tamen
453 2919 563 2983 modus
586 2919 712 3004 legendi
736 2943 799 2985 non
824 2925 973 2987 mutetur.
1020 2921 1155 3006 Reliqua
1171 2943 1303 3005 quorum
1319 2920 1449 2985 hicnon
1473 2925 1519 2984 est

326 3023 444 3087 mentio
466 3021 638 3089 factatam
661 3025 743 3090 circa
767 3025 908 3090 ordinem
940 3030 972 3090 et
994 3027 1120 3090 modum
1142 3025 1267 3110 legendi
1290 3047 1383 3108 quam
1406 3025 1512 3108 dispu-

326 3127 415 3191 tandi
446 3127 535 3192 iuxta
564 3130 711 3214 antiquas
741 3129 955 3195 ordinationes
990 3132 1202 3196 obsernentur.
1260 3127 1408 3193 Omnium
1442 3151 1517 3193 uero

326 3233 387 3298 erit
409 3233 548 3298 studium
572 3237 604 3297 et
626 3233 815 3313 sollicitudo,
839 3239 876 3300 ut
892 3258 978 3301 sacra
989 3235 1161 3301 Volumina
1177 3235 1320 3321 expedito
1343 3256 1520 3320 progressu,

326 3359 465 3423 pureque
487 3343 518 3403 et
541 3359 669 3423 synoere
691 3341 868 3421 tradantur,
892 3341 1051 3407 Resecatis
1076 3347 1107 3408 et
1129 3343 1255 3427 penitus
1277 3341 1400 3406 omissis
1423 3361 1518 3424 argn-

325 3441 380 3525 tijs
402 3444 606 3530 syllogisticis
629 3466 665 3509 ac
687 3445 758 3529 alijs
781 3447 887 3510 minus
910 3447 949 3512 ad
972 3469 1037 3512 rem
1061 3447 1300 3533 pertinentibus.

370 3687 476 3756 Ordo
505 3689 550 3752 in
576 3689 796 3776 utriusque
820 3691 945 3758 Juris
967 3692 1160 3758 Leetnris
1190 3693 1231 3755 in
1255 3695 1479 3776 posterum

814 3799 1030 3864 tenendus

413 3967 552 4047 Quilibet
580 3966 752 4037 Doctorum
785 3971 818 4037 in
857 3973 924 4039 iure
958 3971 1113 4038 Canonioo
1146 3971 1334 4058 Legentium
1363 3971 1519 4054 compleat

327 4075 610 4162 quadriennio
633 4098 758 4143 cursum
781 4078 843 4144 sibi
874 4083 909 4143 ut
932 4079 1074 4164 sequitur
1103 4079 1306 4163 assignatum.
1352 4076 1520 4141 Ordine·
1638 4161 1639 4166 ἵ

326 4185 414 4246 rius
437 4181 518 4246 Iuris
530 4179 678 4246 Canonici
694 4183 780 4268 legat
795 4183 872 4248 duos
888 4181 984 4248 libros
999 4182 1210 4247 Decretalium
1224 4181 1354 4268 priores,
1377 4179 1520 4246 Extra-

326 4286 580 4352 ordinarius
601 4291 705 4352 eutem
729 4290 866 4373 reliquos
882 4287 1095 4353 Decretalium
1110 4289 1207 4352 libros
1229 4291 1303 4352 tres.
1348 4285 1520 4352 Tertius

326 4414 479 4457 nouorum
502 4387 623 4457 Iurium
645 4392 741 4459 lect01
767 4393 894 4458 Sextum
918 4398 950 4459 et
972 4392 1203 4472 Clementines,
1236 4392 1352 4457 Titulis
1376 4393 1430 4476 qui
1454 4411 1516 4456 non

326 4497 447 4563 faciunt
477 4496 516 4561 ad
549 4498 719 4582 practicam
741 4500 904 4578 obmissis,
940 4499 990 4565 uel
1012 4500 1142 4579 saltem,
1173 4500 1198 4564 si
1221 4499 1373 4578 uoluerit,
1397 4499 1519 4564 eosdem
