3442 5314
603 442 644 496 ιο.
663 439 693 494 P.
713 440 794 495 nnn
812 440 855 496 25.
874 440 938 494 nez.
958 441 1034 496 mre.
1372 448 1412 512 69

203 584 311 649 mandi
335 589 367 650 et
390 585 525 650 decimus
556 581 736 648 huiusmodi
771 581 965 667 percipiendi
995 581 1029 647 in
1051 581 1191 649 dominio
1220 585 1275 648 tuo
1296 583 1358 649 tibi
1380 591 1412 650 et

202 689 454 755 antecessoribus
476 689 540 753 tuis
563 685 740 752 (tomitibus
763 687 801 752 de
824 686 1044 772 Wirtemberg
1065 709 1084 752 a
1105 685 1251 752 Romanu
1272 687 1411 754 Ecclesia

201 793 236 856 in
257 793 387 860 feudum
411 814 555 859 concesse
577 791 661 870 sint,
693 795 729 856 tu
753 791 881 856 credens
910 791 971 856 hoc
992 791 1052 856 tibi
1075 791 1164 856 liceri
1186 792 1320 857 decimes
1343 793 1409 860 No-

200 898 320 963 ualium
355 900 389 964 in
420 899 505 964 dicto
528 897 667 963 dominio
690 897 896 962 existentium
928 896 1137 962 concessionis
1158 896 1339 963 huiusmodi
1360 900 1409 964 ri·

200 1024 277 1088 gore
301 1005 480 1088 percepisti,
504 1024 614 1068 rerum
637 1002 713 1087 quia
730 1001 866 1080 dubitas,
890 1023 931 1066 an
954 1001 1089 1066 decimas
1104 999 1278 1066 Nonalium
1299 1004 1409 1069 huius·

201 1108 287 1172 modi
317 1129 394 1173 sana
428 1107 620 1173 conscientia
651 1107 811 1192 percipere
840 1108 982 1192 potueris
1013 1111 1045 1172 et
1075 1107 1172 1172 etism
1203 1107 1320 1192 possis,
1351 1130 1409 1192 pro

201 1217 294 1298 perte
315 1217 371 1279 tus
392 1213 484 1279 nobis
506 1213 569 1278 fuit
592 1211 757 1279 humiliter
781 1213 1010 1298 supplicatum,
1042 1215 1080 1276 ut
1099 1211 1160 1276 tibi
1183 1211 1318 1278 decimas
1340 1213 1408 1278 No-

200 1315 322 1382 ualium
351 1317 386 1382 in
419 1319 565 1383 futurum
588 1317 805 1403 percipiendus
835 1319 870 1382 in
892 1318 1156 1384 sustentationem
1179 1316 1353 1382 Doctorum
1375 1319 1409 1384 in

201 1421 416 1488 Universitate
450 1422 546 1488 studii
569 1423 783 1509 Tubingensis
818 1422 901 1488 dicte
933 1423 1011 1488 dioc.
1035 1423 1208 1507 legencium
1232 1445 1287 1488 seu
1310 1424 1408 1490 scola-

198 1526 284 1590 rium
314 1527 395 1593 inibi
425 1528 621 1594 studentium
655 1533 711 1593 aut
741 1528 819 1593 alias
848 1528 882 1592 in
905 1528 983 1593 ulios
1014 1528 1082 1612 pios
1106 1549 1181 1592 usus
1203 1531 1407 1594 conuertendi

199 1653 258 1716 pro
281 1634 503 1698 exoneratione
539 1637 594 1698 tue
615 1632 826 1713 conscientie,
858 1634 1009 1716 quatinus
1041 1631 1118 1696 alies
1140 1631 1226 1697 licite
1248 1634 1407 1719 percipere

197 1738 398 1821 nequiueris,
431 1737 592 1802 licentiam
622 1737 790 1804 concedere
813 1737 954 1822 aliasque
983 1738 1081 1802 statui
1111 1743 1166 1803 tuo
1188 1736 1220 1802 in
1246 1739 1407 1823 premissis

194 1846 353 1926 oportune
374 1844 540 1927 prouidere
562 1844 600 1908 de
633 1843 833 1930 benignitate
856 1843 1040 1928 Apostolica
1060 1843 1280 1930 dignaremur:

288 1946 357 2012 Nos
379 1948 488 2034 ithue
518 1949 582 2014 tuis
604 1947 746 2015 honestis
778 1949 984 2032 petitionibus
1014 1951 1189 2014 annuentes
1212 1970 1248 2014 ec
1271 1948 1406 2014 decimus

197 2052 237 2118 de
258 2052 435 2117 Noualibus
468 2053 646 2118 huiusmodi
676 2075 733 2138 per
763 2058 795 2119 te
817 2054 969 2119 hactenus
1003 2058 1040 2118 ut
1062 2053 1219 2138 prefertur
1243 2059 1406 2139 perceptas
1520 2129 1523 2134 ,

199 2155 261 2221 tibi
285 2158 493 2236 remittentes,
517 2159 581 2223 tuis
603 2158 637 2222 in
661 2157 720 2223 hac
741 2162 834 2243 parte
856 2158 1142 2243 supplicationibus
1164 2158 1321 2235 inclinati,
1344 2159 1405 2223 tibi

197 2263 281 2348 quod
304 2284 361 2347 pro
384 2264 573 2328 conscientie
594 2267 649 2328 tue
672 2264 810 2348 predicte
833 2265 1059 2329 exoneratione
1081 2264 1217 2330 decimas
1232 2261 1405 2328 Noualium

198 2368 368 2446 huismodi,
394 2390 472 2453 quas
495 2369 529 2432 in
544 2368 688 2434 futurum
711 2369 875 2455 percipies,
900 2370 934 2435 in
957 2370 1220 2435 sustentationem
1231 2367 1404 2435 Doctorum

195 2474 231 2538 in
261 2473 345 2538 dicta
368 2473 582 2539 Univeroitate
612 2474 787 2560 legentium
818 2497 873 2540 seu
895 2475 1064 2540 scolarium
1095 2474 1177 2540 inibi
1207 2473 1403 2540 studentium

195 2582 253 2643 aut
275 2577 352 2645 alies
375 2579 407 2643 in
431 2579 510 2644 alios
525 2579 594 2662 pios
616 2601 701 2658 usus,
725 2585 821 2665 prout
842 2580 1035 2645 conscientia
1050 2580 1111 2645 tibi
1133 2579 1310 2659 dictaverit,
1334 2601 1403 2644 ero·

193 2705 272 2771 gare
304 2689 336 2749 et
369 2685 550 2769 dispensare
579 2685 678 2750 libere
700 2689 732 2750 et
753 2685 839 2751 licite
861 2686 965 2751 valeas
996 2684 1187 2751 auctoritate
1209 2683 1403 2768 Apostolica,

192 2795 305 2855 tenore
326 2790 521 2872 presentium
544 2790 582 2854 de
603 2790 734 2874 speciali
757 2791 862 2876 gratia
885 2796 1037 2876 perpetuo
1070 2790 1281 2876 indulgemus.
1327 2789 1402 2855 Non

192 2894 394 2960 obstantibus
418 2893 579 2980 premissis
610 2896 890 2961 constitutionibus
922 2900 955 2960 et
986 2895 1239 2961 ordinationibus
1263 2895 1402 2980 Aposto-

192 2998 264 3064 licis
287 3000 460 3083 ceterisque
484 3000 652 3066 contrariis
676 3000 924 3086 quibuscunque.

283 3103 374 3169 Nulli
397 3126 473 3191 ergo
495 3107 629 3171 omnino
651 3107 818 3172 hominum
834 3108 927 3173 liceat
949 3108 1032 3173 hanc
1047 3107 1200 3193 paginam
1222 3111 1330 3172 nostre
1352 3127 1401 3171 re-

191 3209 352 3274 missionis
390 3213 422 3274 et
451 3211 660 3276 concessionis
693 3211 870 3297 infringere
897 3212 949 3276 rel
978 3212 1007 3276 ei
1037 3233 1115 3276 ausu
1136 3212 1303 3276 temerario
1326 3233 1401 3276 oon-

191 3315 300 3380 traire.
345 3312 379 3378 Si
402 3313 472 3397 quis
495 3319 601 3379 autem
616 3314 677 3380 hoc
693 3318 883 3399 attemptare
900 3317 1125 3400 presumpserit
1147 3316 1401 3401 indignationem

191 3420 421 3504 omnipotentis
443 3417 503 3484 Dei
526 3423 558 3484 et
581 3420 745 3486 beatorum
763 3418 852 3485 Petri
874 3423 907 3485 et
921 3420 1013 3485 Pauli
1029 3420 1255 3505 Apostolorum
1278 3421 1344 3486 eius
1368 3445 1401 3487 se

190 3525 319 3590 nouerit
340 3525 550 3591 incursurum.

279 3630 399 3695 Datum
422 3630 522 3697 Rome
545 3631 628 3716 apud
651 3629 681 3698 S.
708 3629 838 3697 Petrum
860 3631 956 3697 Anno
979 3632 1213 3698 lncarnstionis
1244 3632 1400 3698 dominice

188 3735 360 3801 Millcsimo
399 3737 709 3824 quadringentesimo
740 3740 953 3825 octuagesimo
989 3719 1109 3804 Octavo
1147 3736 1218 3803 Kal.
1252 3737 1399 3804 danuarii

189 3839 400 3906 Pontificatus
423 3841 525 3906 nostri
548 3841 643 3908 Anno
668 3843 805 3908 Decimo.

973 3949 1022 4015 Jo.
1046 3950 1085 4015 de
1107 3948 1310 4016 Buccabellis.

277 4051 341 4117 ltta
363 4051 396 4116 in
420 4051 552 4117 Camere
574 4051 761 4136 Apostolics

401 4156 553 4223 Marinus.

259 4331 317 4386 Aus
336 4329 485 4401 Christoph
504 4330 630 4388 Gottlieb
648 4332 855 4396 Pistorius,
874 4331 944 4386 Disa.
963 4333 998 4387 de
1017 4333 1138 4389 decimis.
1169 4334 1305 4406 Tubingae
1321 4337 1396 4400 1755,

190 4418 219 4473 S.
239 4420 282 4474 54.
318 4417 374 4474 Des
394 4417 523 4490 Original
541 4420 593 4476 het
611 4420 669 4476 sich
687 4420 766 4480 nicht
784 4419 984 4492 rorgesunden.
