3504 5322
328 468 391 534 380
527 525 532 534 ,
787 463 917 520 Facultas
937 463 1056 520 Artium.

327 623 491 690 demadem
508 647 606 704 suem,
624 624 700 689 alias
712 625 818 689 nullus
833 628 1059 689 conuentorum
1074 625 1189 690 habeat
1200 647 1340 690 mensam
1351 625 1518 691 bursalem.

326 729 513 795 Secundo
535 729 668 813 predicti
699 731 837 814 quinque
867 735 1071 796 concentores
1103 731 1240 796 habeant
1270 732 1346 798 duas
1369 732 1520 798 stubellcs

328 857 401 900 curn
424 835 564 912 dimidia,
588 858 606 898 a
629 857 761 918 quumm
784 856 877 900 censu
899 835 964 899 sint
985 835 1114 901 omnino
1136 836 1237 902 liberi.

412 939 560 1005 Tertio
584 938 690 1005 nullus
712 939 856 1004 absentet
877 961 910 1004 se
932 963 951 1004 a
977 940 1044 1005 loco
1067 939 1139 1006 Nisi
1164 964 1202 1006 ex
1218 943 1393 1007 necessarie
1415 947 1447 1008 et
1469 965 1519 1007 ra·

328 1045 475 1112 tionabili
508 1065 600 1110 causa
630 1045 672 1110 Et
701 1049 776 1110 tunc
799 1067 890 1109 suum
923 1046 1105 1111 exercitium
1130 1052 1162 1112 et
1183 1047 1322 1113 officium
1344 1070 1400 1131 per
1423 1046 1520 1112 alium

328 1156 547 1216 concentorem
572 1151 621 1215 vel
643 1151 739 1214 alium
764 1150 804 1234 (si
825 1152 1017 1236 recusarent)
1041 1152 1213 1236 prouideat‚
1238 1153 1265 1216 si
1287 1152 1395 1237 possit.

416 1255 572 1332 Quarto
595 1257 735 1321 decetero
758 1257 844 1321 nulle
866 1256 1042 1322 habeantur
1070 1257 1265 1323 vacantis
1294 1257 1353 1323 Sed
1377 1255 1523 1321 omnibus

330 1362 439 1427 diebus
462 1365 616 1448 cogantur
638 1365 843 1426 concentores
860 1383 1010 1439 exercere,
1033 1361 1169 1446 demptis
1186 1362 1239 1446 qui
1257 1365 1434 1446 sequuntnr
1456 1360 1521 1425 die-

330 1469 397 1545 bus,
421 1467 541 1532 scilicet
562 1466 650 1531 festis
674 1466 810 1546 ecclesie,
834 1464 923 1531 festis
947 1467 1089 1552 collegii,
1113 1467 1203 1532 iestis
1223 1465 1329 1546 danie,
1354 1466 1521 1532 dummodo

327 1571 360 1637 in
384 1572 489 1636 eadem
512 1570 682 1636 ebdomada
705 1593 769 1635 non
785 1571 931 1636 inciderit
952 1571 1069 1636 festum
1091 1573 1218 1660 collegii
1234 1572 1353 1639 Diebus
1375 1572 1516 1658 rogatio·

329 1699 416 1756 num,
440 1681 472 1742 et
494 1676 554 1741 hoc
576 1677 610 1741 in
633 1677 719 1741 horis
740 1677 799 1742 sub
823 1676 937 1760 quibus
959 1677 1055 1742 fuerit
1070 1677 1210 1742 officium
1226 1677 1370 1744 diuinum
1393 1681 1425 1742 et
1447 1699 1521 1762 pro-

331 1783 428 1848 cessio
450 1782 484 1846 in
507 1782 678 1847 ebdomada
700 1786 809 1848 sancta
832 1805 850 1846 a
872 1786 985 1866 quarta
998 1783 1078 1848 feria
1092 1783 1245 1849 inclusiue
1259 1803 1356 1869 nsque
1372 1783 1410 1848 ad
1426 1805 1521 1867 quar-

327 1892 394 1953 tam
425 1910 516 1974 pasce
543 1886 696 1953 inclusiue
724 1887 763 1952 In
794 1887 896 1953 carnis
929 1887 1033 1972 priuio
1066 1889 1241 1953 aseeunda
1263 1888 1341 1953 feria
1363 1910 1459 1972 nsque
1482 1887 1522 1952 ad

329 1997 475 2077 quartam
507 1992 659 2057 inclusiue
691 1993 772 2057 Item
803 1994 881 2058 hora
911 1997 1023 2076 quarta
1053 1993 1086 2057 in
1116 1995 1262 2078 profestis
1285 1993 1454 2059 celebrium
1475 1993 1522 2057 fe-

326 2101 447 2162 storum
478 2097 559 2162 Item
581 2097 639 2162 sub
661 2097 747 2162 horis
777 2097 948 2181 inquibus
979 2100 1044 2164 sint
1066 2097 1295 2183 disputationes
1323 2099 1355 2162 in
1379 2099 1519 2182 superio-

331 2201 418 2266 ribus
441 2201 661 2278 facultatibus,
696 2205 729 2266 et
757 2203 852 2266 etiam
883 2201 1041 2266 ordinarie
1070 2201 1104 2264 in
1135 2202 1256 2266 artibus
1286 2201 1329 2266 Et
1350 2203 1385 2266 in
1407 2203 1517 2286 quibus

330 2307 413 2373 fiunt
434 2308 578 2372 solennes
601 2311 688 2372 actus
711 2307 936 2386 uniuersitatis,
960 2311 1016 2372 aut
1037 2306 1248 2387 promotiones
1270 2307 1423 2372 solennes.

384 2411 489 2488 oui
502 2417 573 2478 nto
604 2410 816 2478 Conuentores
847 2414 1018 2498 prudenter
1049 2414 1213 2477 exerceant
1244 2413 1402 2496 predictos
1424 2411 1519 2476 libms

327 2517 371 2580 cis
394 2517 569 2601 deputatos,
593 2517 652 2582 hoc
681 2519 799 2583 scilicet
814 2519 916 2596 mode,
939 2524 974 2583 vt
995 2519 1159 2583 materiam
1177 2517 1316 2582 sterilem
1331 2515 1521 2596 transiliant,

330 2621 479 2706 quatinus
501 2622 621 2687 utiliori
650 2622 768 2688 diutius
792 2623 954 2689 immorari
977 2624 1108 2708 possint,
1132 2623 1265 2709 puerilia
1287 2621 1321 2685 in
1343 2621 1523 2686 Aristotelis

328 2726 432 2812 logica
459 2727 576 2792 ibidem
607 2726 808 2806 transiliant,
840 2750 876 2792 ca
898 2729 1095 2794 remittentes
1117 2729 1156 2793 ad
1179 2727 1246 2812 peri
1269 2725 1458 2805 herminias‚
1492 2729 1525 2790 et

329 2836 439 2898 contra
460 2833 602 2916 difficilia
623 2833 657 2897 in
680 2833 749 2917 peri
772 2831 943 2898 herminias
966 2834 1004 2898 ad
1027 2834 1131 2920 logica
1153 2832 1335 2898 Aristotelis
1357 2832 1524 2897 remittant

327 2937 376 3002 Ne
403 2938 496 3002 aliter
523 2938 665 3003 faciendo
693 2938 823 3003 eandem
853 2939 1018 3004 materiam
1054 2939 1101 3004 bis
1131 2937 1265 3004 exerceri
1296 2938 1461 3022 contingat
1492 2937 1525 3000 et

331 3043 427 3108 aliam
449 3065 505 3107 nec
534 3043 629 3107 semel
661 3043 776 3107 dietam
809 3045 923 3108 amitti.
977 3043 1051 3108 Ideo
1080 3044 1179 3109 libros
1211 3041 1393 3106 Aristotelis
1416 3040 1522 3106 eodem

330 3153 470 3233 tempore
500 3169 570 3212 cum
594 3148 781 3214 tractatibus
804 3149 874 3233 peri
897 3149 1069 3214 herminias
1101 3152 1264 3214 exerceant
1284 3147 1400 3212 eisdem
1422 3167 1523 3210 eorre-

331 3254 519 3339 spondentes
547 3251 589 3318 Et
620 3254 653 3317 in
680 3253 816 3338 thopicis
846 3255 1006 3341 generalia
1028 3253 1210 3340 Aristotelis
1240 3253 1360 3318 faciant
1379 3251 1524 3317 similiter
1585 3271 1590 3280 ·

330 3360 364 3424 in
388 3359 514 3436 clericis,
538 3358 600 3423 alia
622 3359 656 3423 in
678 3359 867 3424 tractatibus
889 3361 957 3444 peri
981 3359 1152 3425 herminius
1175 3360 1350 3426 inuenient.

412 3462 534 3528 Sexto
567 3463 658 3528 finito
688 3486 772 3529 anno
805 3466 854 3530 vel
888 3466 1035 3544 dimidio,
1071 3468 1099 3531 si
1132 3489 1165 3531 se
1199 3485 1420 3531 economus
1451 3483 1523 3548 grc-

326 3573 435 3635 uatum
458 3569 562 3635 officio
591 3571 750 3635 economie
773 3575 882 3655 putet,
916 3577 1077 3636 assumant
1099 3573 1214 3650 alium‚
1239 3592 1332 3655 quem
1353 3568 1403 3634 vel
1427 3566 1526 3632 arte*

326 3674 353 3738 si
376 3674 534 3739 voluerint
557 3675 720 3760 elegerint,
744 3675 913 3740 dummodo
936 3699 1030 3761 super
1053 3677 1086 3740 in
1105 3677 1339 3762 computatione
1361 3677 1392 3739 et
1416 3695 1524 3739 census

328 3779 509 3846 collectione
532 3780 682 3846 inabilem
705 3803 768 3846 non
793 3782 938 3847 ceciderit
961 3782 1081 3848 electio.

422 3884 470 3950 De
500 3887 656 3952 exercitiis
690 3891 748 3952 etc.
779 3888 870 3953 finito
901 3910 984 3953 anno
1017 3888 1135 3972 poterit
1165 3885 1235 3970 quis
1270 3886 1368 3984 alium
1400 3905 1525 3949 cursum

396 4078 468 4132 Item
487 4076 652 4147 collegiatus
679 4077 824 4148 theologus
850 4077 1029 4132 assumendus
1053 4077 1135 4132 debet
1153 4076 1191 4132 eie
1214 4093 1271 4130 esse
1296 4075 1525 4141 condictionem,

326 4167 401 4237 quod
419 4167 456 4221 sit
474 4169 540 4221 actu
564 4167 727 4237 theologus,
755 4167 799 4222 ita
827 4167 932 4223 seilicet
956 4168 1031 4236 quod
1054 4167 1159 4235 primas
1184 4164 1316 4220 lectiones
1334 4163 1364 4218 in
1382 4163 1526 4234 theologia

328 4257 657 4412 vmltltueiiiltdollegistus
676 4341 759 4398 debet
777 4343 871 4398 viuere
890 4343 1000 4413 legibus
1019 4343 1136 4400 conditis
1156 4347 1184 4399 et
1202 4343 1359 4400 condendis.

398 4431 412 4461 *
431 4431 481 4484 auf
498 4429 656 4486 hunstliche
674 4429 765 4485 Weise
783 4450 805 4485 z.
824 4431 854 4485 B.
873 4430 960 4486 durch
979 4431 1025 4486 ein
1042 4431 1131 4502 Spiel,
1149 4437 1228 4500 corte,
1243 4432 1330 4487 durch
1348 4431 1424 4496 hocs,
1444 4431 1525 4486 wus-

323 4518 361 4576 fel
379 4537 406 4574 u.
424 4516 482 4590 dgl.
