3504 5322
654 486 875 556 Verordnnngen
896 488 969 542 1488.

442 734 497 800 De
519 735 841 800 conditionibus
863 739 1177 801 conuentorum.

298 875 442 940 Primo
474 897 581 940 omnes
613 877 679 940 sint
710 877 795 960 paris
825 875 1022 942 auctoritatis
1058 897 1094 940 ac
1123 895 1212 958 pares
1243 873 1277 937 in
1305 877 1406 960 pastu,

215 980 341 1065 dempto
378 982 460 1066 quod
497 1003 663 1046 economus
696 982 811 1048 habeat
836 981 983 1047 continue
1013 1002 1153 1045 mensam
1185 977 1342 1044 bursalem
1376 981 1409 1045 et

218 1085 367 1150 salarium
390 1087 451 1152 sibi
472 1087 512 1152 ab
528 1087 735 1153 uniuersitate
751 1088 936 1174 deputatum
958 1085 1000 1151 Et
1015 1084 1252 1150 ebdomadarius
1275 1106 1331 1168 per
1354 1083 1407 1148 eb·

283 1330 355 1384 Item
367 1333 481 1404 temtum
499 1333 566 1388 duo
584 1332 773 1404 collegiati
791 1334 922 1388 tenentur
934 1333 1054 1402 legere
1066 1346 1115 1400 per
1127 1327 1319 1392 mutationem,
1338 1345 1409 1382 suus

212 1436 263 1488 pro
280 1418 462 1474 baccalauriis
482 1423 513 1476 at
531 1421 602 1475 alius
620 1439 670 1490 pro
687 1419 851 1484 scolaribus,
879 1421 962 1490 prout
980 1419 1055 1473 inira
1073 1417 1109 1472 ad
1128 1417 1239 1488 legendi
1258 1413 1409 1471 ordinatio-

212 1523 284 1560 nem.
321 1505 357 1561 Et
375 1507 425 1561 alii
443 1508 498 1562 duo
516 1507 549 1562 de
571 1509 684 1564 consilio
699 1507 891 1562 vniuersitatis
906 1506 1029 1562 existunt
1048 1506 1076 1560 et
1090 1505 1192 1560 dehent
1210 1521 1238 1560 se
1256 1502 1359 1560 habere
1376 1503 1409 1556 ut

216 1609 301 1664 supra
320 1611 478 1666 expressum
496 1599 547 1650 est.

411 1753 612 1822 Sequuntur
630 1753 715 1807 libri
733 1770 792 1824 per
811 1753 1036 1823 collegIatos
1055 1749 1208 1822 legendi.

281 1875 411 1944 inprimis
428 1876 507 1946 legat
525 1877 630 1948 primus
651 1878 821 1952 collegiatus¹
833 1879 925 1933 totam
944 1875 1095 1947 logicam
1115 1873 1263 1930 resecando
1281 1875 1309 1926 et
1327 1870 1409 1926 amit·

215 1961 299 2017 tendo
317 1961 438 2018 inutilia.

284 2051 356 2105 Item
374 2051 402 2105 2⁰
420 2052 554 2107 secundus
572 2052 650 2122 legat
669 2053 927 2125 philosophiam
945 2051 1162 2115 naturalem,
1182 2047 1284 2106 seilicet
1303 2049 1409 2118 septem

214 2135 299 2193 libros
317 2137 492 2208 physicorum
511 2139 694 2210 pretereundo
713 2143 820 2194 sextum
838 2140 950 2195 librum.

291 2225 362 2281 Item
380 2226 465 2283 libros
485 2227 518 2282 de
537 2228 725 2298 generatione,
744 2227 779 2282 de
797 2228 892 2282 anima
910 2229 939 2282 et
957 2227 1014 2282 celo
1032 2228 1061 2282 et
1075 2226 1186 2284 mundo.

588 2388 628 2442 In
645 2387 850 2442 mutatione
868 2385 1035 2455 hyemali.

284 2509 356 2564 Item
375 2511 474 2566 tertius
498 2511 662 2581 collegiatus
680 2512 759 2581 legat
777 2513 883 2580 septem
901 2509 986 2564 libros
1005 2505 1166 2562 Ethicorum
1183 2506 1212 2559 et
1229 2504 1345 2574 quartus
1364 2519 1409 2556 sex

211 2595 298 2652 libros
317 2598 520 2671 Metaphysices
538 2601 566 2654 et
584 2601 640 2653 tres
659 2597 771 2654 ultimos
790 2597 959 2652 Ethicorum.

283 2686 354 2740 Item
373 2685 397 2739 si
420 2685 562 2756 collegiati
581 2685 771 2742 discordarent
788 2684 816 2738 in
835 2682 968 2739 electione
986 2682 1133 2746 librorum,
1159 2683 1226 2734 tunc
1244 2679 1294 2733 fiat
1312 2676 1410 2734 electio

216 2771 374 2828 huiusmodi
392 2791 441 2843 per
459 2776 569 2828 sortem.

283 2861 355 2914 Item
372 2859 491 2932 quilibet
508 2859 673 2930 collegiatus
691 2860 774 2915 debet
792 2861 820 2914 et
838 2859 961 2914 tenetru·
966 2875 1016 2928 per
1034 2875 1062 2912 se
1073 2859 1165 2929 ipsum
1178 2872 1285 2926 preesse
1297 2850 1409 2908 lectioni

212 2967 267 3012 sue,
286 2949 323 3004 ad
343 2967 429 3018 quam
448 2947 593 3005 ordinatus
611 2951 666 3012 est,
688 2951 716 3002 et
734 2967 784 3019 pro
802 2948 930 3018 neglecta
949 2946 1066 3002 lectione
1085 2946 1191 3001 soluere
1210 2959 1312 3013 penam
1328 2939 1409 2993 iuxta

214 3037 346 3107 stipendii
363 3036 534 3108 exigentiam
560 3040 589 3092 et
606 3053 634 3091 se
658 3053 707 3107 per
727 3035 920 3105 juramentum
943 3034 1109 3089 denuntiare
1135 3035 1259 3101 ternpore
1277 3026 1409 3082 distribu-

214 3123 298 3180 tionis
317 3125 518 3196 stipendiorum
535 3129 619 3196 prout
637 3125 728 3196 quiuis
747 3125 819 3180 alius
836 3124 932 3179 doctor
950 3123 1052 3193 legens.

151 3282 156 3292 Ι
284 3211 355 3266 Item
374 3213 537 3282 collegiatus
556 3213 751 3283 collegium
764 3211 973 3266 inhabitans
991 3214 1103 3266 tenetur
1114 3223 1307 3279 quamcunque
1321 3207 1408 3258 struc-

215 3303 309 3355 turam
327 3319 377 3371 per
395 3318 422 3355 se
441 3301 485 3356 vel
511 3301 598 3356 alium
617 3301 789 3355 destructam
813 3303 863 3354 aut
881 3299 1061 3368 deturpatam
1085 3296 1140 3350 suis
1158 3293 1283 3365 expensis
1301 3293 1410 3346 relicere

214 3407 260 3444 seu
280 3388 383 3444 reiecta
400 3390 505 3445 soluere
523 3389 566 3444 vel
587 3389 753 3444 tantundem
773 3390 806 3442 de
824 3387 961 3458 stipendio
980 3386 1131 3448 delaleare,
1156 3384 1294 3452 quantum
1311 3395 1361 3450 pro
1379 3393 1409 3431 re

214 3475 317 3530 refecta
336 3477 491 3546 expositum
508 3476 594 3532 fuerit
621 3478 665 3532 vel
684 3477 883 3548 exponendum.
919 3473 980 3528 Nisi
997 3475 1089 3544 ipsum
1107 3472 1155 3542 qui
1178 3465 1333 3524 huiusmodi
1351 3483 1411 3519 rem

215 3561 424 3628 annihilauerit,
443 3564 653 3620 denuntiauerit
671 3563 856 3620 uniuersitati.
898 3562 955 3618 Hoc
971 3559 1142 3630 intelligitur
1160 3559 1194 3613 de
1211 3554 1338 3613 omnibus
1356 3552 1410 3608 col-

214 3649 327 3721 legistis
346 3651 428 3705 simul
447 3655 597 3723 sumptum.

284 3739 356 3793 Item
373 3740 467 3794 nullus
486 3740 651 3811 collegiatus
671 3741 792 3811 aliquem
814 3740 853 3814 'ad
872 3757 899 3794 se
924 3738 1044 3809 recipere
1061 3737 1143 3791 debet
1161 3731 1214 3788 nisi
1232 3729 1409 3786 famulum

217 3844 297 3880 suurn
316 3827 374 3882 sine
392 3827 506 3882 licentia
525 3827 715 3883 uniuersitatis
727 3830 755 3882 et
774 3827 856 3881 debet
873 3826 975 3880 habere
988 3823 1135 3894 collegium
1146 3822 1177 3876 in
1189 3821 1262 3875 bona
1274 3818 1409 3872 clausura.

282 3914 353 3968 Item
372 3914 535 3992 collegiatus
553 3915 582 3968 in
600 3915 789 3984 assumptione
807 3913 900 3968 iurare
918 3913 1013 3974 debet,
1043 3910 1116 3981 quod
1134 3906 1263 3979 quicquid
1281 3905 1312 3958 in
1329 3901 1409 3958 habi-

214 4001 322 4057 tatione
348 4020 399 4056 sua
417 4003 590 4058 destructum
618 4003 662 4057 vel
690 4003 870 4076 deturpatum
895 3999 980 4054 fucrit
998 4015 1047 4068 per
1065 4015 1093 4052 se
1111 3997 1156 4051 vel
1174 3995 1262 4050 alium
1280 3992 1362 4046 debet
1381 4007 1410 4044 se

214 4089 380 4145 denuntiare
398 4089 509 4146 Rectori
535 4090 738 4149 vniuersitatis,
753 4093 781 4144 et
799 4088 927 4160 precipue
941 4086 1054 4154 quando
1071 4102 1099 4140 se
1117 4101 1134 4139 a
1153 4081 1269 4152 collegio
1287 4079 1410 4134 alienare

215 4180 286 4244 vult,
304 4183 508 4249 quatenusper
526 4179 662 4234 sindicum
680 4177 878 4248 conspiciatur,
897 4192 935 4228 an
953 4191 987 4228 ne
1005 4171 1209 4227 habitationem
1228 4186 1307 4223 suam
1327 4166 1410 4221 relin-

213 4270 290 4336 quat,
310 4271 392 4337 prout
410 4267 557 4332 inuenerit,
577 4270 605 4322 et
623 4267 646 4320 si
664 4266 731 4336 quid
750 4267 922 4320 destructum
940 4262 1026 4317 fuerit
1044 4260 1160 4314 reficere.

283 4354 355 4408 Item
384 4353 549 4425 collegiatus
575 4354 624 4422 qui
642 4371 697 4409 non
717 4351 879 4422 compleuit,
911 4349 992 4404 debet
1010 4347 1138 4402 totaliter
1157 4345 1293 4416 complere
1311 4343 1342 4395 in
1360 4358 1409 4395 sua

213 4441 350 4497 inusitate
374 4445 402 4496 et
426 4459 477 4512 pro
494 4442 623 4511 neglecta
648 4441 763 4496 lectione
781 4441 886 4496 soluere
910 4442 986 4494 etse
1011 4453 1060 4507 per
1074 4434 1266 4506 juramentum
1286 4434 1410 4506 ternpore

213 4526 419 4587 distributionis
437 4529 638 4600 stipendiorum
656 4529 830 4584 denuntiare.
