3460 5314
337 497 400 564 332
798 491 930 549 Facultee
948 489 1069 548 Artium.

336 657 480 740 regentes
502 653 576 718 solis
596 651 764 720 Ganonieis
787 651 911 738 collegij
935 649 1085 736 exceptis,
1110 655 1261 717 connoeet
1283 652 1342 718 sub
1365 675 1448 738 pena
1470 655 1539 739 pri-
1625 721 1632 732 ,

336 760 473 830 erationis
496 759 641 846 regencie
662 759 702 824 sd
724 757 905 844 eligendum
928 757 1076 824 lectiones
1099 762 1132 822 et
1148 757 1300 824 exercicia
1314 757 1462 824 formalia
1483 781 1540 844 per

336 868 413 932 tune
436 864 607 930 instantem
630 885 751 929 annum
773 863 983 928 exercitanda.
1029 861 1082 928 lta
1096 865 1204 928 tamen
1220 864 1302 946 quod
1325 863 1460 929 discreta
1481 864 1539 930 fiat

338 969 372 1038 in
397 969 539 1054 qualibet
560 971 612 1034 vin
634 969 745 1035 electio
775 968 970 1054 amagistris
992 967 1131 1034 eiusdem
1145 967 1194 1031 vie
1209 967 1381 1032 secundum
1395 969 1538 1034 ordinem

422 1179 468 1244 In
492 1179 828 1265 PetroHispano
851 1183 883 1243 et
905 1178 1333 1264 paruislogicalibus
1355 1183 1539 1265 postpran·

341 1285 429 1375 pium
452 1286 487 1350 in
508 1286 588 1351 liora
609 1286 725 1371 prima,
748 1286 782 1349 in
805 1283 957 1350 ambabus
980 1283 1095 1349 bursis.

423 1388 463 1454 In
478 1390 569 1456 libris
593 1390 877 1475 phisieorum,
900 1389 1151 1466 ethicorum,
1174 1389 1266 1454 etde
1288 1389 1439 1466 anima,
1462 1387 1541 1452 hora

335 1493 472 1560 secunda
503 1499 577 1580 post
607 1493 784 1580 prandium.
830 1493 888 1560 Est
916 1497 1024 1560 tamen
1052 1493 1098 1558 ibi
1121 1495 1224 1579 quoad
1254 1492 1352 1558 libros
1374 1493 1413 1557 de
1434 1493 1542 1557 anima

340 1594 506 1668 diuersitas
531 1599 566 1664 in
588 1598 701 1664 bursis.

422 1702 461 1768 ln
483 1702 766 1789 grammatice
787 1707 861 1787 post
883 1703 1052 1788 prandium
1076 1703 1155 1768 hora
1170 1706 1292 1788 quarta,
1316 1701 1380 1766 nisi
1400 1701 1483 1766 forte
1505 1701 1540 1765 in

337 1806 454 1876 ieiunio
476 1814 606 1894 propter
625 1808 803 1874 contionem
819 1808 854 1873 in
878 1808 1017 1874 cenobiis
1032 1807 1221 1874 habendam.
1268 1806 1358 1872 Tunc
1374 1807 1460 1873 enim
1481 1805 1541 1871 eli·

338 1917 434 2000 gatur
457 1912 535 1978 horn
557 1913 693 1979 secunde
715 1913 765 1978 vel
786 1914 850 1979 elia
872 1915 1071 1980 conueniens.

336 2085 672 2155 Deleetionibus
688 2091 727 2153 et
749 2087 1112 2173 resumptionibus
1128 2085 1539 2153 inbursahabendis.

424 2225 508 2292 Item
529 2226 637 2292 nullus
669 2229 894 2314 magistrorum
926 2227 965 2292 de
993 2227 1102 2311 aliquo
1123 2227 1274 2294 exercitio
1295 2226 1367 2311 plus
1390 2229 1541 2310 pastus

338 2351 357 2395 a
379 2330 552 2396 scolaribus
575 2332 701 2417 exigere
724 2331 825 2412 debet,
851 2353 946 2414 quam
967 2332 1059 2416 juxta
1081 2334 1183 2397 ratam
1205 2330 1367 2414 temporis.
1403 2329 1541 2413 Tempus

337 2438 442 2502 autem
465 2456 484 2500 a
506 2435 610 2519 prima
633 2435 683 2501 die
705 2437 847 2502 exercitii
869 2436 1082 2503 inchoandum
1106 2436 1221 2514 veniet,
1245 2457 1341 2518 quam
1363 2432 1469 2518 quiuis
1491 2431 1540 2496 di·

337 2539 475 2624 ligenter
498 2544 609 2606 notare
631 2540 743 2619 debet,
767 2542 902 2625 quodsi
925 2543 995 2626 quis
1018 2541 1187 2606 scolarium
1207 2541 1280 2625 plus
1303 2539 1433 2618 dederit,
1455 2538 1541 2602 nihi-

339 2643 475 2708 lominus
498 2644 552 2710 ille
574 2646 719 2730 sequenti
741 2647 896 2731 magistro
918 2669 1008 2712 suam
1030 2645 1210 2732 portionem
1233 2645 1432 2731 astringatur
1456 2643 1538 2708 dare.

421 2749 533 2834 Ne'qne
561 2752 677 2836 aliquis
709 2752 933 2837 magistrorum
965 2753 1147 2818 formale
1168 2749 1429 2817 exercitium
1452 2747 1540 2827 alibi,

335 2875 430 2938 quem
452 2855 486 2919 in
508 2857 604 2921 bursa
632 2859 689 2921 aut
721 2857 784 2921 elio
813 2857 882 2923 loco
904 2857 1010 2924 forsan
1040 2879 1096 2942 per
1119 2857 1361 2922 vniuersitatem
1383 2857 1416 2919 et
1438 2853 1540 2919 facul·

334 2963 434 3024 tatem
457 2960 609 3047 deputato
632 2983 775 3028 exercere
797 2963 899 3042 debet,
923 2964 982 3028 sub
1005 2963 1175 3029 amissione
1198 2962 1298 3028 totius
1318 2964 1440 3046 postue,
1464 2961 1540 3024 fisco

335 3062 497 3130 facultatis
519 3066 710 3150 applicandi.

419 3167 537 3235 Nullus
559 3171 656 3236 etiarn
679 3172 905 3258 magistrorum
927 3172 995 3238 siue
1017 3173 1176 3238 ordinarie
1205 3173 1271 3238 siue
1293 3170 1542 3236 extraordinarie

334 3296 497 3341 resumens
519 3275 617 3340 alium
640 3277 674 3340 in
689 3277 768 3343 hora
783 3277 845 3342 sibi
861 3277 1012 3362 deputata
1027 3277 1189 3362 impediat,
1213 3277 1358 3343 videlicet
1372 3275 1542 3342 lectionem

337 3379 387 3445 vel
410 3379 593 3446 exercitium
615 3380 700 3446 vltra
722 3383 833 3449 horem
857 3382 1080 3468 protrahendo.

424 3484 578 3570 Insuper,
610 3506 651 3550 ne
674 3485 861 3572 baccalaurij
894 3493 950 3553 aut
979 3488 1113 3553 scolares
1146 3488 1188 3552 ab
1209 3486 1332 3553 actibus
1354 3484 1541 3551 formalibus

343 3612 529 3677 quacunque
551 3590 732 3656 occasioone
754 3590 967 3672 retrahantur,
991 3593 1106 3658 statuit
1121 3594 1241 3658 artium
1255 3592 1325 3671 iae,
1349 3595 1384 3657 vt
1399 3596 1542 3674 tempore

338 3696 563 3781 disputationis
593 3695 752 3761 ordinarie
781 3699 848 3761 tam
879 3698 1105 3783 magistrorum
1138 3719 1233 3783 quam
1266 3698 1542 3762 baccalaureorum

340 3801 537 3885 aliorumque
558 3804 687 3866 actuum
709 3800 901 3880 formalium,
925 3802 1033 3866 nullus
1056 3801 1284 3894 magistrorum
1300 3806 1355 3866 aut
1377 3800 1541 3866 baccalau-

336 3926 462 3970 reorum
483 3927 640 3972 resumere
663 3910 718 3972 aut
733 3906 831 3972 alium
846 3927 1063 3990 quemcunque
1087 3911 1193 3972 actum
1217 3906 1416 3972 scolasticum
1438 3903 1542 3968 facere

334 4013 505 4095 presumat,
529 4010 588 4076 sub
603 4033 685 4097 pena
700 4013 834 4077 duorum
849 4011 1021 4076 solidorum
1037 4011 1113 4077 fiseo
1128 4012 1399 4097 applicandorum,
1423 4010 1542 4076 totiens

335 4114 481 4200 quotiens
502 4114 577 4182 huic
599 4117 837 4183 contrauenerit
857 4121 988 4184 statuto.

778 4290 836 4356 De
857 4291 1101 4378 pedagogio.

422 4430 504 4496 Item
528 4430 567 4495 de
589 4430 731 4516 qualibet
753 4432 813 4510 vin,
838 4433 871 4496 in
888 4431 1041 4497 electione
1058 4433 1135 4499 noui
1152 4432 1272 4511 decani,
1295 4430 1433 4516 eligatur
1448 4451 1539 4508 vnus,

343 4536 398 4620 qui
421 4537 464 4602 sit
487 4536 748 4622 superintendens
771 4537 949 4625 pedagogij,
