3460 5314
361 467 425 532 354
827 465 959 522 facultas
976 465 1096 522 Artium.

415 693 624 770 Quomodo
647 695 910 780 qualificati
933 719 1023 762 esse
1047 697 1200 763 debent
1222 700 1511 782 promouendi.

452 841 505 900 51.
530 834 652 900 Statuit
673 836 819 918 facultas,
843 836 928 919 quod
948 837 1055 902 nullos
1077 835 1305 922 Magistrorum
1335 839 1473 921 aliquem
1496 840 1566 904 ina·

359 938 456 1003 bilem
479 940 528 1002 vel
552 939 722 1016 infamem,
750 940 800 1004 cui
822 940 1005 1025 legitimum
1027 941 1191 1006 obstiterit
1213 941 1493 1026 impedimentum,
1525 944 1565 1010 ad

360 1065 490 1108 examen
516 1043 648 1108 liceoeie
669 1044 720 1110 vel
736 1043 998 1108 Baccelaureatos
1021 1049 1217 1128 promoucat,
1242 1051 1298 1110 aut
1319 1067 1378 1130 pro
1401 1047 1471 1130 ipso
1494 1068 1565 1130 pre·

357 1149 512 1214 sentando
524 1149 681 1233 deponat,
704 1148 764 1212 sub
786 1170 869 1232 pena
891 1149 1104 1233 suspensionis
1126 1171 1145 1212 a
1167 1151 1323 1234 regencia,
1352 1150 1402 1215 vel
1423 1151 1486 1215 alia
1509 1173 1566 1235 per

357 1252 545 1320 facultatem
568 1253 751 1340 infligendo.

447 1363 499 1422 52.
524 1357 677 1434 Quocirca
692 1358 806 1422 statuit
827 1357 973 1434 facultas,
997 1361 1032 1422 vt
1048 1357 1218 1442 subscripti
1233 1380 1252 1421 a
1267 1359 1476 1442 temptamioe
1498 1360 1566 1424 sint

358 1463 493 1540 exclusi,
523 1463 670 1528 videlicet
701 1463 822 1527 lusores
845 1462 955 1527 discoli
978 1462 1156 1549 brigatores
1188 1462 1340 1542 infames,
1373 1463 1564 1530 Ductoribus

364 1569 413 1634 vel
429 1568 594 1654 Magistris
616 1567 857 1632 irreverenciam
879 1567 1073 1645 exhibentes,
1098 1568 1131 1632 in
1154 1566 1294 1632 restibus
1317 1571 1430 1633 contra
1451 1569 1562 1654 prohi-

360 1672 517 1737 bicionem
540 1676 732 1736 statutorum
765 1672 982 1736 vniuersitatis
1012 1673 1192 1737 incedentes
1215 1677 1271 1736 aut
1293 1673 1372 1737 alias
1394 1696 1459 1738 non
1484 1673 1561 1738 Sco-

358 1777 469 1842 lusticc
498 1799 533 1841 se
563 1781 724 1861 gerentes,
761 1777 896 1861 lupanar
926 1776 1027 1842 aliave
1060 1777 1128 1842 loca
1162 1783 1306 1862 suspecta
1340 1784 1565 1863 suspectaeque

357 1881 505 1946 mulieres
538 1881 720 1964 frequenter
751 1882 935 1959 visitantes,
969 1882 1023 1964 qui
1058 1886 1089 1945 et
1119 1886 1254 1965 propter
1284 1903 1427 1948 excessus
1457 1904 1564 1947 coram

357 1985 492 2050 Rectore
525 1987 629 2070 sepius
663 1987 916 2070 comparuerint,
948 1985 1114 2070 presertim
1138 1987 1236 2051 eciam
1258 1985 1319 2070 hy,
1355 1989 1410 2070 qui
1432 1993 1565 2072 propter

359 2091 607 2155 retardacionem
642 2094 699 2154 aut
732 2090 827 2154 aliam
859 2109 985 2154 causam
1020 2110 1240 2172 quamcunque
1270 2089 1426 2176 Magistro
1459 2093 1564 2157 minas

354 2196 565 2281 imposuerint
596 2199 652 2260 aut
673 2194 866 2280 Magistrum
896 2194 999 2258 verbis
1023 2193 1073 2258 vel
1095 2193 1205 2268 factis,
1237 2217 1293 2279 per
1323 2218 1356 2261 se
1378 2197 1428 2261 vel
1451 2196 1562 2274 alium,

354 2300 481 2383 publice
503 2301 552 2364 vel
575 2301 695 2364 occulte
718 2300 881 2364 affecerint
904 2303 937 2363 et
961 2298 1208 2364 molesteuerint.
1250 2300 1343 2365 Tales
1366 2302 1481 2366 etenim
1506 2323 1565 2386 spe

357 2409 486 2470 careant
509 2405 729 2488 promocionis,
754 2404 852 2469 donec
873 2403 1032 2489 Magistro
1054 2404 1266 2469 satisfecerint
1288 2411 1320 2470 et
1343 2406 1501 2470 facultati.

444 2514 495 2574 53.
520 2508 604 2573 Item
626 2509 741 2573 statuit·
764 2510 911 2574 similiter
933 2508 1084 2586 facultas,
1120 2514 1155 2573 vt
1177 2509 1284 2574 nullus
1306 2509 1481 2575 Scolacium
1504 2515 1562 2574 aut

355 2615 638 2681 Baccalaureorum
669 2615 805 2699 amplius
839 2615 877 2678 ad
909 2637 1039 2679 examen
1072 2615 1119 2679 vel
1141 2617 1337 2699 temptamen
1360 2616 1561 2694 admittatur,

356 2720 419 2784 nisi
438 2719 630 2804 Magistrum
653 2719 703 2782 vel
718 2718 891 2803 Magistros
914 2718 952 2782 de
974 2718 1109 2804 singulis
1132 2717 1293 2783 exerciciis
1316 2718 1504 2785 lectionibus
1527 2726 1560 2785 et

353 2827 425 2891 aliis
435 2826 675 2910 quibuscunque
687 2823 822 2888 Bursam
834 2823 1096 2889 concernentibus
1114 2823 1289 2887 realiter
1302 2825 1562 2908 persoluerit

353 2936 385 2997 et
408 2932 625 3008 cum-effectu,
649 2929 793 3014 quodque
816 2929 951 3012 quilibet
967 2926 1192 3012 Magistrorum
1216 2927 1249 2992 in
1275 2929 1437 3013 presencia
1457 2928 1561 2993 facul·

357 3040 435 3103 tatis
458 3043 569 3104 contra
591 3037 690 3102 talem
713 3037 867 3121 deponere
888 3034 1036 3099 astrictus
1057 3033 1109 3110 sit,
1135 3032 1214 3097 bone
1236 3033 1309 3097 fidei
1332 3033 1447 3099 debito.

442 3149 493 3209 54.
527 3142 688 3208 Cetterum
722 3141 835 3206 statuit
858 3139 1009 3216 facultas,
1042 3138 1126 3223 quod
1148 3137 1303 3223 Magister
1333 3143 1478 3223 repetens
1511 3140 1560 3206 vel

357 3271 519 3315 resumens
549 3271 613 3312 vna
645 3269 716 3312 cum
738 3244 995 3310 Conuentoribus
1029 3243 1067 3306 de
1098 3263 1233 3326 persona
1254 3249 1309 3307 aut
1331 3243 1561 3310 insufficiencia

351 3356 401 3421 sui
424 3353 564 3420 Scolaris
589 3352 639 3415 vel
662 3349 866 3414 Baccalaurei
888 3353 1029 3432 tempore
1052 3345 1299 3430 presentacionis
1331 3368 1436 3411 coram
1459 3346 1560 3411 facul-

352 3465 420 3525 tate
443 3460 580 3543 deponat
603 3459 635 3520 et
657 3475 764 3518 curam
789 3453 887 3538 ipsius
910 3473 966 3536 pre
989 3452 1117 3515 cetteris
1145 3451 1261 3516 habere
1283 3455 1429 3516 teneatur
1451 3451 1470 3515 ¹.

279 3713 283 3722 ·
350 3667 436 3734 fectu
465 3690 519 3733 seu
548 3664 692 3732 absentia
725 3683 790 3726 non
822 3660 939 3726 habeat
970 3660 1066 3724 simul
1090 3661 1311 3726 exercitiorum
1333 3666 1366 3725 ct
1387 3663 1558 3727 lectionum

350 3774 507 3836 defectum
529 3771 663 3856 signare.

442 3876 550 3937 ¹scau
567 3883 616 3937 der
632 3880 800 3936 Abschnitte
824 3881 864 3940 54
884 3879 927 3934 bis
951 3879 992 3938 56
1011 3879 1063 3936 hat
1079 3873 1135 3939 B.:
1161 3872 1242 3938 Item
1260 3872 1366 3936 nullus
1389 3872 1558 3938 scolarium

349 3985 398 4048 vel
430 3981 722 4058 baccalaureorum,
754 3982 817 4067 nisi
852 3982 941 4067 prius
973 4001 1100 4044 censum
1131 3979 1243 4043 domus
1274 3977 1398 4061 integre
1428 3977 1560 4041 soluerit

348 4087 603 4166 contemtoribus,
630 4088 667 4151 ad
694 4087 823 4171 aliquod
847 4091 1044 4172 temptamen
1067 4084 1257 4148 admittatur
1280 4082 1330 4147 rel
1353 4103 1503 4160 examen,
1528 4085 1561 4146 et

347 4195 481 4260 decanus
504 4192 630 4257 nullum
653 4192 747 4256 debet
770 4192 960 4257 examinare.

486 4367 542 4433 De
565 4366 884 4451 dispensatione
906 4371 1097 4449 tempore
1119 4361 1414 4428 admissionis.

435 4508 515 4574 Item
542 4510 676 4575 facultas
701 4510 883 4592 dispensare
906 4528 970 4570 non
995 4505 1091 4570 habet
1113 4503 1197 4568 vltra
1219 4503 1385 4587 sexaginta
1408 4501 1558 4565 defectus.
