3460 5314
659 533 663 538 .
690 482 807 537 Statuta
827 483 903 538 1495.

401 707 693 778 Ju'ramentum
716 707 1183 774 baccalaureandorum.

280 853 390 917 Primo
420 852 566 917 iurabitis
600 851 683 937 quod
713 849 844 913 inantea
873 846 1021 911 obediens
1051 869 1118 912 esse
1140 847 1244 913 velitis
1267 846 1394 913 Decano

196 959 306 1026 inclite
327 958 489 1023 facultatis
511 959 643 1023 iuridice
664 956 789 1039 totique
812 952 958 1017 facultati
981 953 1074 1017 huius
1098 953 1179 1017 alme
1194 951 1394 1018 Vniuersita-

193 1066 236 1129 tis
259 1065 291 1128 in
314 1063 409 1127 licitis
431 1067 465 1127 et
486 1062 629 1127 honestis
644 1060 818 1142 Eidemque
840 1062 873 1122 et
895 1057 1074 1124 doctoribus
1096 1059 1279 1143 regentibus
1302 1057 1336 1122 in
1358 1082 1395 1124 ea

196 1170 338 1235 debitum
361 1168 514 1234 honorem
538 1171 570 1233 et
592 1163 802 1232 reuerentiam
826 1163 983 1228 deferatis,

280 1273 421 1339 Securum
444 1273 527 1357 quod
551 1295 608 1356 pro
631 1291 721 1356 posse
743 1272 849 1332 vestro
878 1267 1089 1352 procurabitis
1113 1269 1230 1333 bonum
1254 1273 1286 1333 et
1308 1269 1395 1333 vtili-

195 1383 295 1444 tatem
316 1379 410 1444 huius
434 1378 515 1442 alme
530 1373 758 1445 Vniuersitatis
782 1377 877 1456 atque
892 1373 1052 1463 facultatis
1068 1374 1196 1437 iuridice
1219 1373 1269 1437 Ad
1286 1397 1396 1458 quem·

196 1506 319 1569 cunque
342 1487 461 1547 statum
484 1504 538 1547 vos
561 1481 727 1567 peruenire
750 1479 917 1562 contingat
939 1476 1020 1541 Dolo
1044 1483 1075 1542 et
1097 1477 1207 1542 fraude
1230 1479 1372 1543 remotis.

529 1656 585 1720 De
607 1655 761 1722 officio
791 1653 1060 1738 pedellorum.

281 1795 451 1860 Pedelli
482 1795 633 1860 iurabunt
664 1815 770 1858 coram
794 1796 861 1856 tota
891 1791 1041 1856 facultate
1070 1793 1105 1855 in
1132 1813 1244 1857 manus
1268 1792 1396 1872 Decem,

198 1901 281 1987 quod
304 1901 444 1965 officium
466 1900 602 1964 fideliter
627 1898 739 1982 exequi
761 1897 869 1976 velint,
895 1900 990 1981 prout
1006 1897 1084 1961 eisa
1106 1896 1222 1962 decano
1245 1903 1277 1962 et
1298 1899 1398 1963 facul-

196 2010 264 2072 tate
292 2005 482 2090 iniungitur.
530 2004 646 2070 Petant
675 2005 771 2068 etiam
801 2003 999 2087 aprincipio
1030 2002 1197 2068 cuiuslibet
1218 2004 1396 2085 decanatus

198 2112 226 2176 si
248 2111 359 2175 saltem
384 2111 418 2174 in
441 2110 546 2175 officio
569 2133 695 2175 manere
719 2109 836 2187 velint,
868 2133 887 2172 a
909 2109 1060 2172 facultate
1083 2107 1270 2172 contiuuari.
1316 2108 1397 2176 Item

200 2215 339 2280 officium
363 2215 479 2299 pedelli
502 2220 549 2280 est
565 2214 725 2280 Decanum
748 2236 805 2297 pro
828 2217 970 2297 tempore
993 2213 1033 2278 ad
1055 2211 1223 2276 minimum
1245 2216 1342 2280 semel
1364 2217 1398 2279 in

199 2321 250 2386 die
273 2321 308 2384 in
332 2321 425 2386 domo
448 2343 505 2385 sua
526 2322 655 2385 visitare
677 2319 728 2384 Ad
744 2319 930 2382 mandatum
952 2341 1043 2382 suum
1067 2318 1208 2383 doctores
1231 2319 1400 2404 diligenter

200 2447 370 2492 conuocare
395 2425 500 2490 Scolas
524 2446 660 2510 purgare
676 2422 899 2487 intimationes
922 2422 1084 2487 facultatis
1106 2423 1241 2488 scribere
1263 2429 1295 2488 et
1317 2424 1398 2509 pub-

197 2529 292 2596 licare
307 2529 478 2594 Vacantias
501 2533 533 2593 et
559 2528 642 2593 festa
667 2528 816 2592 intimare
838 2526 1118 2611 Disputationibus
1140 2530 1275 2612 publicis
1298 2531 1398 2595 inter·

198 2655 264 2698 esse
286 2632 329 2697 Et
359 2634 420 2698 alia
451 2655 508 2717 per
530 2632 693 2698 Decauum
720 2632 864 2696 iniuncta
895 2631 998 2696 faeere
1020 2632 1063 2698 ut
1090 2633 1174 2700 vltra
1197 2657 1293 2700 vnum
1316 2636 1399 2701 diem

199 2743 255 2802 aut
277 2741 400 2803 noctem
431 2738 471 2802 ab
502 2738 562 2802 hoc
593 2739 709 2822 oppido
732 2759 765 2802 se
787 2758 852 2800 non
874 2737 1038 2802 absentare
1064 2739 1131 2803 sine
1154 2761 1300 2823 expresso
1323 2763 1398 2806 con-

198 2864 291 2906 sensu
314 2842 423 2907 decani
446 2841 527 2906 Item
550 2846 625 2908 vota
649 2847 681 2906 et
703 2842 767 2906 elia
787 2840 921 2906 consilia
942 2840 1103 2907 facultatis
1126 2847 1245 2908 secreta
1267 2848 1299 2907 et
1322 2865 1397 2928 qne-

199 2968 322 3030 cunque
353 2949 386 3010 in
417 2947 533 3011 cedulis
563 2947 826 3012 conuocationum
857 2949 1007 3010 contenta
1039 2951 1094 3011 aut
1123 2945 1200 3011 alias
1232 2949 1399 3015 casualiter

200 3052 308 3116 audita
330 3053 398 3116 sine
420 3053 549 3138 speciali
573 3053 725 3117 mandato
748 3073 812 3115 non
842 3051 970 3116 reuelet.
1016 3049 1098 3115 Item
1121 3052 1235 3135 pedelli
1258 3076 1278 3117 a
1299 3053 1398 3118 scola·

198 3157 288 3223 ribus
310 3157 360 3221 vel
389 3158 613 3240 promouendis
644 3179 709 3222 non
732 3156 847 3221 debent
878 3156 1047 3240 quicquam
1069 3161 1255 3242 extorquere
1277 3160 1310 3222 in
1334 3163 1399 3224 sta-

199 3263 279 3326 tutis
301 3283 365 3326 non
389 3283 577 3346 expressum.
624 3260 813 3326 Liberaliter
836 3265 944 3324 tamen
969 3261 1075 3325 oblata
1097 3262 1235 3346 recipere
1257 3269 1399 3347 possunt.

200 3364 282 3430 Item
312 3365 346 3429 in
378 3365 513 3449 publicis
547 3367 669 3432 actibus
699 3366 976 3432 licentiandorum’
990 3369 1023 3431 et
1053 3367 1316 3433 doctorandorum
1338 3371 1400 3435 duo

201 3474 326 3556 sceptra
347 3469 533 3536 habeantur.

287 3575 374 3641 Haec
397 3579 518 3642 statuta
540 3577 727 3642 confirmala
742 3580 817 3641 sunt
832 3599 887 3661 per
902 3581 1004 3642 totam
1018 3575 1268 3644 Vniuersitatem
1284 3579 1323 3644 ad
1340 3578 1400 3646 hoc

202 3681 382 3766 specialiter
403 3686 607 3748 conuocatam
629 3681 689 3748 Die
721 3682 803 3747 festa
825 3682 879 3748 SS.
903 3683 1040 3749 Simonis
1071 3687 1103 3748 et
1125 3684 1202 3748 Iude'
1224 3683 1393 3771 Apostolo-

200 3809 272 3850 rum
295 3786 336 3851 A.
359 3786 398 3850 D.
423 3786 594 3852 Millesimo
617 3789 928 3874 quadringentesimo
951 3787 1165 3873 Nonagesimo
1189 3790 1311 3872 quinto.

272 3974 354 4031 Univ.
374 3975 486 4034 Archiv.
506 3977 581 4046 XIII,
600 3981 626 4036 8.
658 3979 738 4050 Pe'rg.
757 3978 810 4036 mit
829 3979 922 4052 Siegel
958 3978 1104 4036 Eiseulohr
1122 3980 1182 4036 292.
