3462 5320
509 493 552 546 41.
571 491 705 547 Statuten
723 491 750 546 d.
769 491 803 546 U.
822 509 876 548 von
897 492 972 547 1587.
1098 553 1104 560 ,
1277 495 1340 559 209

144 789 221 866 Qui
242 789 288 854 In
311 788 502 855 Senatum
525 791 700 875 consilij
731 791 894 875 publici
927 791 1092 878 legetur
1114 791 1157 856 in
1181 791 1263 856 haec
1286 813 1345 856 ca-

600 896 695 980 pita
718 895 890 962 iurabit.

192 1077 219 1135 1.
253 1070 344 1137 Velle
375 1074 449 1136 ante
479 1071 587 1136 omnia
617 1071 651 1135 in
680 1072 844 1156 sententijs
868 1071 1007 1137 dicendis
1037 1072 1265 1158 omnipotentis
1287 1071 1348 1137 Dei

254 1176 405 1241 honorem
428 1198 464 1241 ac
487 1177 608 1242 cultum
630 1181 662 1242 et
684 1179 836 1263 pietatem
859 1181 1009 1262 spectare.

190 1283 219 1342 2.
254 1280 334 1346 Cum
348 1280 419 1358 fide,
436 1280 652 1365 simplicitate,
669 1283 812 1362 candore,
831 1305 900 1369 quae
916 1284 1042 1364 sentiat,
1059 1283 1231 1368 intelligat,
1251 1283 1347 1360 norit,

256 1387 365 1451 dicere.
399 1384 528 1451 Nullius
543 1409 658 1467 amore,
684 1389 765 1469 odio,
794 1389 1021 1475 largitionibus
1039 1388 1159 1453 moueri
1182 1392 1214 1452 et
1229 1409 1248 1451 a
1264 1391 1350 1452 recto

256 1489 375 1554 deduci.

191 1599 220 1658 3.
256 1594 384 1659 Rectori
398 1597 608 1662 obedientiam
629 1597 768 1683 dignam,
793 1601 825 1664 et
848 1597 1010 1663 silentium
1034 1595 1244 1661 caelandorum
1267 1615 1348 1679 praa-

256 1705 347 1765 stare.

191 1809 221 1868 4.
257 1803 375 1868 Contra
396 1803 654 1870 Illustrissimum
683 1806 860 1891 principem
892 1828 928 1871 ec
949 1805 1069 1870 Ducem
1091 1803 1185 1870 buius
1209 1804 1349 1882 ditionis,

256 1905 497 1994 Rempublicam
513 1908 739 1976 Scholasticam
754 1911 836 1976 nibil
852 1911 1004 1997 improbe,
1021 1909 1176 1988 seditiose,
1192 1910 1350 1976 hostiliter

256 2013 371 2093 moliri,
395 2013 462 2078 ulla
483 2014 607 2079 ratione
630 2037 666 2080 ac
687 2016 738 2080 via
755 2014 776 2080 ¹.
1443 2017 1447 2026 ’

436 2255 492 2322 Dc
514 2257 690 2325 Rectore
713 2261 894 2326 creando
925 2281 1007 2344 cap.
1033 2265 1061 2323 7.

239 2432 461 2497 Rectorem
490 2433 666 2518 principem
697 2435 981 2499 administrationis
1004 2431 1198 2515 Reipublicae
1219 2428 1349 2495 Schola·

149 2539 266 2602 lasticae
287 2537 374 2622 legat
396 2536 529 2602 Senatus
552 2539 671 2623 publici
704 2539 826 2623 consilij
851 2539 967 2604 Virum
999 2538 1135 2622 pietate,
1170 2534 1350 2619 prudentia,

151 2643 316 2707 honestate
337 2643 430 2722 vitae,
464 2641 652 2709 Eruditione
673 2649 868 2729 spectatum,
897 2667 990 2729 quem
1011 2642 1207 2728 Reipublicae
1229 2639 1354 2705 utiliter

151 2748 360 2832 praefuturum
383 2751 520 2831 sperent,
544 2771 646 2833 neque
668 2749 821 2834 professio
837 2749 943 2833 aliqua
958 2753 1053 2828 certa,
1077 2769 1179 2832 neque
1202 2749 1354 2830 praeterea

152 2853 321 2936 quicquam
342 2852 602 2932 considerabitur,
626 2853 689 2918 nisi
710 2854 794 2918 forte
818 2857 908 2917 extra
923 2853 981 2918 hos
1004 2853 1119 2938 aliquis
1143 2851 1228 2915 hunc
1248 2849 1351 2913 hono·

151 2981 219 3024 rem
233 2959 360 3036 virtute,
376 2958 500 3044 generis
515 2958 692 3037 nobilitate,
715 2958 810 3038 fama,
835 2958 992 3044 dignitate
1007 2957 1162 3022 excellens
1183 2957 1352 3031 mereatur,

152 3067 189 3127 ut
210 3067 287 3128 sunt
308 3062 457 3140 BaroneS,
481 3061 635 3141 Comites,
659 3062 778 3143 Duces,
811 3063 983 3147 Principes
1030 3063 1151 3140 Quibus
1174 3065 1282 3126 tamen
1305 3081 1355 3123 re·

152 3173 260 3253 spectu
284 3168 460 3233 nobilitatis
483 3169 538 3234 ille
563 3169 776 3248 mandabitur,
798 3169 838 3252 ijs
862 3169 1053 3255 adiungetur
1076 3167 1165 3252 quasi
1188 3187 1247 3250 pro
1274 3162 1355 3228 Rec-

152 3278 221 3338 tore
242 3274 295 3338 uel
317 3274 384 3358 ipse
399 3273 513 3356 prioris
536 3274 695 3338 semestris
714 3274 834 3352 flector,
859 3274 912 3338 uel
927 3274 1007 3338 alius
1020 3271 1079 3336 Vir
1102 3271 1212 3348 bonus,
1237 3268 1354 3354 grauis,

153 3379 261 3444 doctus
284 3401 322 3444 ex
344 3378 541 3442 senatoribus
564 3378 686 3462 consilij
710 3377 910 3443 Vniuersitas
942 3378 1045 3442 huius.
1101 3375 1178 3441 Haec
1202 3376 1356 3438 consuetae

154 3489 186 3548 et
207 3483 309 3548 solitae
331 3482 486 3548 Electioni
509 3484 673 3567 proposita
695 3483 746 3547 lex
770 3487 845 3548 estc.
891 3481 1004 3566 Neque
1032 3481 1130 3545 ullius
1151 3479 1197 3544 rei
1221 3477 1283 3542 alio
1307 3499 1356 3541 re-

7 3585 8 3618 z
65 3637 69 3646 -
153 3593 272 3676 spectu,
297 3610 392 3672 quam
416 3609 523 3652 earum
546 3588 700 3653 virtutum
726 3589 954 3675 suffragaturos
976 3611 1010 3652 se
1032 3588 1180 3671 cuiquam
1202 3583 1354 3648 iurabunt

154 3695 319 3761 Senatores
342 3693 430 3779 prius
453 3715 548 3776 quam
570 3695 721 3779 suffragia
744 3695 861 3759 ineant.

242 3800 342 3876 Quem
363 3799 504 3883 plurium
526 3799 677 3885 suffragia
699 3800 845 3879 crearint,
870 3799 1093 3885 magistratum
1116 3793 1289 3878 capessito,
1320 3793 1356 3857 ui

154 3906 274 3983 fecerit,
298 3905 326 3969 si
349 3904 475 3988 quidem
498 3926 535 3968 ex
559 3927 666 3969 eorum
689 3927 820 3970 numero
837 3905 943 3984 suerit,
967 3901 1082 3988 quibus
1097 3898 1221 3984 publice
1237 3897 1358 3980 stipen-

156 4013 208 4076 dia
230 4011 398 4076 soluuntur
420 4009 461 4074 ab
475 4009 692 4075 Vniuersitate
707 4009 911 4087 Scholastica,
934 4009 1069 4072 multam
1091 4004 1208 4069 soluite
1223 4002 1358 4066 floreno·

156 4140 226 4182 rum
249 4116 362 4194 duum,
393 4113 665 4179 cancellario
687 4119 817 4201 propter
840 4114 1043 4178 autoritatem
1074 4107 1248 4174 functionis
1271 4105 1358 4169 illius

156 4228 295 4308 excepto.
340 4220 490 4306 Idemque
510 4222 633 4287 solenni
655 4244 752 4300 more,
776 4221 836 4299 die,
858 4220 937 4297 loco,
961 4215 1109 4282 studiosis
1132 4212 1315 4278 declarator.

230 4452 242 4505 1
264 4449 325 4504 Vou
344 4450 470 4519 spatercr
488 4445 586 4501 Hand:
618 4449 642 4501 5.
660 4445 818 4516 Diligenter
837 4445 865 4499 et
883 4441 980 4498 sedulo
997 4439 1110 4496 lectioni
1128 4454 1184 4492 suae
1203 4449 1326 4506 praeesse.

209 4555 340 4597 Urkuntlsn
354 4555 395 4595 dar
409 4555 437 4596 U.
451 4553 581 4604 Ttbingen.
1114 4526 1148 4580 14
