3504 5322
685 497 801 553 Statnta
819 498 894 553 1536.
1324 499 1386 566 385

197 655 368 722 claudicare
399 655 496 741 inque
520 657 577 721 illa
598 656 739 741 delinqui
762 657 962 743 cognouerit,
986 658 1159 735 annititor,
1183 663 1219 724 ut
1241 660 1389 744 corrigat,

197 761 312 825 sinon
343 762 448 846 quibit
479 763 518 826 ad
541 761 715 827 Consilium
747 785 840 828 suum
869 765 926 828 aut
957 766 1091 847 quatuor
1124 763 1210 828 uiros
1244 764 1392 849 praesides

197 865 413 944 Contubernii‚
436 865 487 931 uel
509 866 605 932 etiam
627 867 655 931 si
677 889 726 932 res
749 875 865 953 poscet,
889 867 1136 934 Vniuersitatem
1160 868 1253 933 huius
1276 868 1392 934 scholae

197 971 325 1036 deferte.

284 1075 333 1141 Ne
366 1077 473 1142 abesto
508 1077 623 1162 oppido
655 1080 740 1144 ultra
770 1079 835 1143 dies
857 1077 917 1144 XV
940 1079 1002 1144 nisi
1033 1079 1237 1163 permissione
1260 1076 1391 1143 Consilii

197 1181 293 1246 studii
323 1182 435 1260 huius,
467 1205 599 1268 eumque
632 1185 690 1249 hac
722 1184 894 1250 substituto
925 1184 959 1249 in
990 1206 1082 1249 suum
1104 1184 1207 1250 locum
1230 1184 1329 1249 altero
1353 1171 1394 1248 eii

196 1285 400 1352 Consiliariis.

283 1391 391 1458 Ferias
414 1397 446 1457 et
467 1393 645 1459 uacationes
669 1397 879 1483 promulgato.

286 1496 325 1562 In
348 1496 517 1583 Magistros
541 1498 700 1584 improbos
723 1504 754 1565 et
776 1501 970 1587 neglectores
990 1500 1118 1565 Ordinis
1141 1523 1177 1566 ac
1199 1499 1330 1585 Imperii
1353 1501 1391 1566 de

198 1601 329 1667 Consilii
351 1603 509 1668 sententia
532 1604 785 1670 animaduertito.

285 1706 447 1793 Impensas
471 1708 565 1774 huius
587 1709 684 1773 studii
706 1709 834 1774 nomine
866 1709 1040 1793 praecipuas
1071 1731 1111 1774 ne
1137 1708 1233 1774 facito
1255 1709 1318 1775 nisi
1341 1710 1394 1775 de-

200 1816 298 1877 cretas
329 1815 361 1878 in
393 1814 555 1894 Consili03
589 1815 758 1881 mediocres
788 1816 856 1899 ipse
884 1816 922 1881 de
952 1815 1109 1880 sententia
1137 1813 1395 1880 Consiliariorum

200 1917 334 1983 fideliter
357 1920 529 2004 exequitor.

286 2021 365 2089 (lum
387 2026 525 2110 primum
548 2024 769 2111 magistratum
792 2025 915 2105 inierit,
939 2025 1116 2090 rationibus
1138 2049 1157 2090 a
1179 2026 1295 2112 prioris
1317 2027 1394 2091 enni

201 2127 327 2194 Decano
360 2131 468 2195 relatis
502 2130 668 2215 pecuniam
698 2131 849 2195 traditam
880 2153 942 2195 nna
970 2153 1042 2196 cum
1074 2131 1145 2197 aliis
1175 2131 1268 2197 buius
1297 2132 1394 2197 studii

200 2236 335 2320 propriis
357 2236 514 2322 integram
538 2236 698 2302 recondito
720 2259 756 2301 ac
778 2237 812 2301 in
844 2259 979 2302 arcam
1001 2258 1200 2301 communem
1222 2237 1391 2321 deponit03

200 2338 315 2404 additis
337 2340 455 2406 chartis
479 2341 609 2420 duabus,
632 2343 666 2406 in
682 2365 817 2426 quarum
840 2364 903 2407 una
918 2343 1076 2408 conclusio
1098 2343 1258 2408 rationum
1280 2343 1395 2428 prioris

200 2444 277 2508 anni
300 2444 428 2524 Decem,
453 2446 487 2510 in
511 2448 610 2512 altera
632 2449 730 2512 totius
753 2449 893 2532 pecnniae
915 2470 1037 2512 summa
1059 2449 1233 2534 perscripta
1255 2447 1306 2513 sit.

243 2543 252 2558 ⁸
288 2549 354 2634 Ipsi
377 2555 480 2615 autern
505 2550 630 2616 Decano
652 2549 681 2615 X
702 2552 831 2630 florent,
855 2553 969 2636 quibus
993 2557 1102 2617 utatur
1124 2574 1264 2638 quosque
1287 2553 1393 2637 priua·

200 2656 260 2720 tim
282 2659 406 2737 tractet,
431 2657 650 2736 concedantur,
674 2659 759 2723 ultre
781 2679 858 2742 quos
881 2657 1017 2742 nequid
1040 2657 1174 2743 publicae
1196 2659 1337 2742 pecuniae
1360 2659 1393 2723 in

198 2783 273 2826 usus
296 2782 368 2825 suos
391 2762 518 2828 trahite.

286 2867 324 2932 ln
346 2868 480 2952 publicis
496 2867 667 2947 (londiniis,
691 2892 753 2955 quo
776 2871 909 2956 quisque
930 2871 998 2936 loco
1021 2869 1125 2935 sedere
1148 2869 1268 2950 debeat,
1292 2868 1392 2935 Deca-

200 2993 260 3037 nus
283 2974 498 3058 praescribite,
528 2998 631 3061 aquo
661 2975 851 3061 imperatum
880 2977 1023 3042 ordinem
1054 2975 1109 3059 qui
1139 2975 1268 3040 turbare
1299 2998 1392 3040 ausus

200 3078 305 3157 fuerit,
330 3079 366 3143 de
389 3080 534 3145 conuiuio
557 3081 702 3168 exigitor.

564 3256 621 3320 De
643 3257 831 3341 praemiis
854 3255 1023 3322 Decani.

286 3391 412 3460 Decano
443 3397 596 3480 pendetur
625 3397 828 3462 honorarium
861 3395 1000 3481 precium
1030 3396 1146 3460 laboris
1176 3400 1270 3479 atque
1292 3417 1394 3480 operae

202 3497 239 3563 de
261 3499 335 3564 fisco
352 3499 445 3566 huius
461 3503 556 3567 studii
578 3503 839 3574 florenorum
863 3507 1042 3586 quatuor
1065 3507 1096 3566 et
1112 3503 1297 3567 concedetur
1311 3525 1395 3567 mer·

202 3625 251 3668 ces
273 3606 487 3690 inscriptionis
510 3629 627 3688 eorum,
652 3609 778 3693 quisue
800 3609 882 3693 apud
898 3607 989 3672 illum
1006 3607 1135 3673 nomina
1151 3608 1393 3692 profitebuntur.

202 3707 341 3784 Quodis
370 3715 490 3776 statuta
511 3712 668 3792 recitarit,
701 3713 880 3798 impendere
916 3714 953 3778 de
982 3713 1050 3778 fisci
1080 3713 1212 3798 pecunia
1235 3715 1274 3778 ad
1296 3714 1394 3778 Con·

202 3835 223 3876 n
232 3809 316 3879 iuio
328 3815 408 3882 lum
422 3816 584 3902 Magistris
600 3820 805 3902 praesentibus
819 3819 1037 3884 instruendum
1052 3819 1146 3885 liceat
1157 3820 1311 3884 cruciatos
1322 3817 1393 3884 XV.

288 3920 328 3983 In
350 3921 533 4005 publicis
557 3924 731 3989 coetibns
753 3929 838 3989 certo
861 3925 928 3990 loco
951 3924 1133 4002 honoretur,
1157 3926 1185 3989 si
1202 3947 1297 4009 quem
1319 3947 1393 4009 pro-

202 4025 394 4110 gressionem
427 4028 619 4113 dignitatum
649 4049 685 4093 ac
713 4028 867 4093 honorum
900 4029 1027 4106 fecerit,
1057 4029 1125 4094 siue
1146 4050 1246 4115 genus
1268 4029 1395 4094 uitaea

204 4132 307 4215 priore
327 4132 526 4212 laudabilius
549 4139 586 4200 ut
608 4135 743 4218 exempli
766 4155 859 4199 causa
880 4133 919 4198 de
939 4133 1075 4198 celibatu
1102 4135 1136 4198 in
1157 4135 1395 4199 matrimonium

204 4237 363 4324 ingressus
378 4238 482 4320 fuerit,
505 4239 636 4324 praemio
652 4241 689 4305 de
704 4241 837 4325 pecunia
850 4239 918 4304 fisci
933 4239 1068 4304 afficitor
1083 4241 1273 4305 florenorum
1289 4241 1393 4305 duum.

203 4340 290 4408 Idem
313 4349 420 4410 curato
452 4347 544 4410 alteri
575 4346 705 4412 cuilibet
727 4346 882 4433 Magistro
913 4345 1083 4429 professori
1114 4346 1231 4410 artium
1265 4345 1298 4408 in
1322 4367 1395 4430 pro·

202 4448 336 4514 fossione
368 4452 523 4516 bonorum
557 4455 588 4516 et
621 4452 660 4516 ad
692 4450 777 4516 hunc
810 4450 937 4514 modum
966 4450 1142 4515 mutatione
1172 4450 1298 4536 generis
1322 4450 1397 4516 nitoe

204 4557 424 4622 munusculum
446 4557 484 4621 de
505 4557 580 4622 fisco
602 4557 695 4622 huius
719 4557 816 4621 studii
837 4556 948 4622 floreni
972 4556 1072 4622 unius.

256 4679 386 4722 Urkunden
400 4679 441 4720 der
454 4679 483 4722 U.
495 4680 624 4734 Tabingen.
1145 4659 1179 4716 25
