3442 5314
346 455 371 510 e.
398 453 471 510 oar
487 451 646 512 auersas
666 451 939 523 Bekmntmmhung
954 471 982 508 v.
1000 455 1024 512 s.
1042 454 1101 508 suu
1122 454 1197 510 1477.
1330 457 1371 520 29

172 613 220 678 ita
242 614 407 680 dumtaxat
428 615 486 680 deo
508 615 632 701 placere
655 615 682 680 si
704 615 775 700 quis
792 635 905 702 puram
920 616 1101 696 mutamque
1124 615 1263 678 mentem
1286 612 1319 676 in
1342 635 1379 678 ea

173 718 243 802 ipsa
265 717 411 784 intulerit
446 741 544 804 quam
566 720 711 804 prolecto
742 721 832 786 nullu
853 719 907 784 via
932 722 1028 802 atque
1051 722 1120 782 arte
1142 717 1255 782 melius
1276 739 1379 802 neque

173 823 426 908 compendiosius
451 846 544 908 qnam
568 847 607 890 ex
630 826 796 890 literarum
819 823 997 890 eruditione
1021 823 1171 907 consequi
1193 823 1377 907 poterimus.

261 926 330 1004 Qus
359 929 398 994 da
419 950 453 994 re
475 930 615 1014 permoti
637 930 779 1016 publicas
802 929 903 996 scolas
938 932 1034 1013 atque
1055 927 1232 992 uniuersale
1254 927 1379 992 diuina·

174 1053 247 1098 rum
267 1032 542 1118 humanarumque
562 1033 768 1100 scientiarum
789 1032 929 1098 studium
952 1033 986 1098 in
1009 1031 1102 1096 terris
1125 1037 1233 1096 nostro
1255 1037 1379 1117 tempo·

174 1135 235 1202 rali
249 1136 390 1202 dominio
404 1137 555 1202 subiectis
571 1137 693 1224 erigere
707 1141 803 1222 atque
817 1137 1038 1222 cooperatione
1054 1135 1273 1202 Illustrissime
1288 1137 1379 1221 prin·

175 1242 255 1327 cipis
279 1246 311 1306 et
333 1243 460 1308 domine
483 1241 609 1308 domiue
623 1241 805 1308 Mechtildis
817 1241 1039 1308 Arcbiducisse
1061 1240 1191 1306 Austrie
1205 1245 1264 1308 etc.
1287 1242 1378 1327 geni·

176 1347 266 1424 tricis
291 1345 358 1414 Nee
386 1369 452 1412 uon
474 1345 614 1414 lllustris
645 1346 767 1412 domini
788 1346 931 1412 Vdalrici
954 1345 1087 1412 comicis
1109 1346 1143 1410 in
1165 1343 1380 1433 Wirteruberg

176 1455 208 1516 et
223 1450 498 1540 Montepeligardo
520 1451 628 1538 patrui
649 1451 753 1516 nostri
766 1450 901 1516 ninom
914 1451 1094 1516 consuimus
1117 1450 1156 1516 In
1178 1473 1240 1536 quo
1263 1449 1379 1518 doctis·

175 1556 327 1622 simorum
369 1556 509 1622 virorum
551 1561 726 1624 conuentus
759 1556 910 1623 celebrari
948 1556 1102 1642 rudesque
1135 1557 1380 1623 adolescentium

176 1662 276 1728 animi
299 1662 418 1728 erudiri
440 1665 535 1747 atque
558 1660 685 1728 institui
708 1667 846 1750 possent.

262 1765 319 1834 -Ad
340 1767 429 1832 cuius
452 1765 578 1850 quidem
592 1767 812 1834 fundationem
826 1767 904 1833 satis
919 1772 1075 1853 oportune
1089 1789 1123 1834 se
1138 1767 1223 1834 locus
1245 1767 1380 1854 insignis

178 1872 267 1957 opidi
288 1871 391 1938 nostri
413 1870 591 1957 Tuwiugen
621 1873 774 1938 offerebat
803 1873 891 1938 cuius
913 1873 1115 1938 amenitatem
1138 1874 1270 1958 agrique
1291 1873 1380 1938 ferti-

177 1977 303 2044 litatem
324 1981 420 2062 atque
442 1976 524 2042 aeris
546 1977 768 2044 salubritatem
790 1978 863 2062 plus
884 1978 983 2044 oculis
1008 1977 1216 2062 contemplari
1238 1999 1333 2063 quam
1356 2001 1376 2043 a

178 2081 336 2148 nobismet
366 2080 445 2165 ipsis
476 2082 689 2148 commendari
719 2083 840 2167 placuit
862 2081 900 2147 In
931 2082 991 2148 hoc
1019 2083 1127 2167 itaqua
1149 2085 1215 2146 tarn
1237 2083 1380 2167 preclaro

177 2191 273 2270 atque
295 2207 408 2250 ameno
438 2186 533 2271 opido
556 2185 758 2252 Auctoritate
779 2186 976 2253 Sanctissimi
1007 2187 1041 2251 in
1065 2185 1191 2251 Christo
1222 2187 1323 2270 patris
1345 2209 1381 2252 ac

177 2289 299 2355 domini
321 2291 423 2355 nostri
445 2289 568 2356 domini
589 2290 675 2357 Sixti
700 2293 809 2358 diuina
831 2291 1032 2378 prouidentia
1053 2313 1135 2377 pape
1158 2289 1263 2376 quarti
1286 2295 1381 2377 atque

177 2393 383 2460 sacrosancte
400 2393 544 2460 Romane
568 2417 604 2460 ac
626 2395 823 2462 Vniuersalis
845 2395 972 2462 ecclesie
995 2395 1216 2482 gubernatoris
1238 2395 1381 2481 publicas

103 2505 112 2520 ‘
179 2498 285 2566 Scolas
308 2501 403 2584 atquc
429 2498 581 2565 Generale
596 2502 790 2586 optimarum
806 2501 922 2566 artium
945 2499 1092 2566 Studium
1108 2502 1263 2567 ereximus
1286 2507 1382 2587 atque

178 2605 382 2670 fundauimus
406 2602 502 2668 Cuius
524 2604 601 2670 felix
631 2627 739 2673 cursus
770 2605 957 2672 subducem
981 2606 1160 2672 doctoribus
1184 2610 1382 2692 quatuorque

177 2709 358 2775 hberalium
379 2708 496 2774 artium
520 2712 683 2797 magistris
705 2712 869 2778 cathedras
896 2711 977 2777 inibi
1000 2712 1184 2800 regentibus
1207 2712 1380 2797 complere-

178 2819 231 2880 tur
253 2835 386 2900 quorum
409 2819 474 2880 tres
497 2817 594 2882 sacris
624 2815 785 2902 theologie
807 2816 900 2882 libris
930 2821 1026 2902 atque
1048 2817 1213 2904 scripturis
1235 2817 1381 2883 intende-

178 2925 250 2985 rent
272 2919 350 2984 Treo
373 2921 484 2985 itidem
506 2923 562 3005 qui
578 2926 700 2988 sacrata
715 2922 900 3006 pontificum
917 2920 996 2987 Jura
1018 2945 1079 3007 que
1094 2922 1245 2986 canonica
1269 2925 1382 2987 vocant

178 3026 372 3090 resoluereut
407 3025 479 3092 Duo
517 3029 572 3111 qui
601 3028 709 3114 legum
731 3027 838 3112 ampla
867 3027 1028 3093 volumina
1054 3049 1224 3111 eorumque
1245 3027 1382 3091 difficul-

179 3135 261 3195 tates
295 3131 471 3196 enodarent
499 3133 647 3198 tottidem
681 3133 713 3196 iu
745 3132 909 3198 medicinis
940 3133 995 3217 qni
1026 3133 1145 3198 salubri
1167 3153 1242 3198 cura
1264 3133 1382 3198 morbis

180 3236 428 3320 corporibusque
449 3238 650 3303 mederentur
664 3239 813 3304 humanis
828 3238 970 3314 Qustuor
984 3239 1113 3322 insuper
1129 3237 1183 3321 qui
1199 3238 1382 3302 liberalibus

179 3341 301 3406 artibus
324 3341 442 3407 intenti
464 3365 573 3408 causas
596 3364 703 3408 rerum
725 3347 820 3428 atque
842 3347 972 3408 naturas
1003 3341 1115 3408 subtili
1137 3341 1384 3428 inuestigatione

179 3447 401 3530 perquirerent
416 3447 461 3513 Vt
476 3471 585 3516 omnes
607 3449 679 3514 fixis
703 3453 797 3534 atque
820 3448 1050 3515 sufficientibus
1073 3445 1194 3532 prouisi
1216 3445 1383 3530 stipendijs

180 3550 213 3615 in
237 3552 325 3617 omni
341 3551 491 3618 facultate
513 3554 614 3639 gratia
637 3555 771 3642 legendo
794 3554 905 3639 nequis
922 3555 1030 3638 inopia
1052 3551 1238 3617 diuiciarum
1261 3551 1300 3615 ad
1324 3573 1382 3616 no-

179 3656 300 3720 tionem
330 3657 473 3723 veritatis
504 3659 711 3744 impediretur
734 3659 899 3724 ascendere
930 3659 1040 3724 solerti
1063 3656 1167 3722 studio
1189 3661 1285 3741 atque
1308 3657 1383 3721 dili·

58 3755 62 3762 ’
180 3761 290 3848 gentio
312 3761 447 3848 singulis
471 3762 675 3832 fscrdtatibus
697 3769 859 3849 preessent
873 3765 1009 3850 Insuper
1023 3769 1058 3830 vt
1074 3763 1228 3830 baberent
1250 3762 1385 3830 studiosi

181 3868 393 3934 adolescentes
416 3869 450 3933 in
474 3891 536 3953 quc
558 3893 647 3956 spem
671 3875 860 3955 reponerent
882 3874 977 3954 atqua
992 3869 1077 3936 bona
1091 3868 1205 3934 fiducia
1228 3867 1384 3952 premium

180 3973 323 4040 laborum
345 3994 475 4042 suorum
497 3979 699 4062 expectarent
713 3975 856 4042 munem
878 3976 1114 4042 uniuersitatem
1133 3973 1302 4058 plusquam
1324 3972 1384 4038 tri-

182 4079 272 4164 ginta
302 4077 533 4146 Beneficiorum
566 4081 735 4148 collatione
768 4080 907 4146 dotatam
944 4081 1111 4166 condignis
1145 4078 1384 4144 Emunitatibus

182 4187 275 4268 atque
297 4183 475 4268 priuilegijs
497 4183 772 4270 laudabilibusque
794 4185 953 4252 institutis
970 4184 1142 4270 plurimum
1159 4181 1385 4248 decorauimus.

267 4286 333 4352 Vos
357 4287 458 4373 igitur
480 4290 633 4356 bonarum
656 4291 772 4358 artium
795 4289 960 4356 Studiosos
982 4291 1069 4354 viros
1091 4287 1158 4354 Vos
1181 4304 1290 4354 omnes
1313 4308 1385 4371 pre·

184 4391 297 4454 stantis
321 4392 419 4456 animi
443 4393 582 4461 Juuenes
605 4418 740 4480 vereque
754 4395 911 4481 sapientie
926 4398 1081 4460 amatores
1104 4393 1159 4479 qui
1184 4393 1312 4458 virtutis
1335 4397 1384 4456 at-

185 4517 243 4578 quc
265 4497 400 4562 scientie
431 4501 577 4566 semitam
606 4502 730 4588 ingredi
763 4500 943 4586 Verumque
975 4499 1204 4565 beatitudinem
1237 4497 1386 4583 consequi
