3460 5314
581 477 697 534 salusa
717 479 783 550 1⁴7⁷
802 496 828 532 u.
844 465 922 534 1505.
1290 478 1354 546 357

157 638 213 716 via,
239 640 284 704 sic
306 639 460 718 videlicet,
486 639 568 724 quod
585 644 633 705 tot
655 637 762 704 cedula
779 635 947 702 conuolato
962 635 996 701 in
1013 638 1166 703 birretum
1183 643 1353 722 ponantur,

157 747 235 826 quot
256 743 349 808 anius
374 745 424 809 vie
445 744 567 810 fuerint
588 743 754 830 Magistri,
778 742 893 808 decano
917 746 1056 826 excepto.
1102 742 1241 818 Quarum
1263 743 1355 809 cedu-

155 849 256 912 larum
280 852 416 932 quatuor
437 853 565 914 tantum
588 849 716 914 nomine
739 845 932 931 ‘temptator'
954 848 1132 929 signentur.
1176 847 1261 923 Quas
1283 848 1354 932 qui·

155 974 278 1037 cunque
301 953 450 1039 Magistri
473 955 684 1033 extraxerint,
716 974 774 1038 pro
796 953 1041 1036 temptatoribus
1062 952 1249 1030 habeantur,
1294 953 1356 1029 Qui

153 1059 324 1145 diligenter
355 1059 584 1125 examinabunt
615 1081 686 1124 cum
717 1057 835 1123 decano
857 1057 1144 1123 Baeculaureandos
1175 1058 1223 1121 vel
1250 1056 1355 1142 Magi·

155 1165 302 1230 strandos
325 1167 358 1230 in
381 1165 441 1250 hys
458 1187 518 1248 que
540 1162 673 1250 gradum
690 1185 783 1229 suum
799 1167 1002 1240 concernunt,
1027 1163 1073 1226 ita
1088 1163 1169 1246 quod
1185 1184 1242 1247 per
1256 1159 1354 1226 libros

153 1269 329 1336 formaliter
359 1271 527 1355 requisitos
557 1269 743 1355 procedatur
774 1269 1023 1354 agrammatica
1047 1265 1223 1332 inchoando
1245 1287 1353 1351 prooe-

155 1374 317 1459 dendoque
340 1400 359 1441 a
381 1377 503 1442 seniore
526 1376 564 1440 ad
587 1376 744 1440 iuniorem
767 1377 936 1440 secundum
964 1373 1107 1439 ordinem
1130 1374 1163 1437 in
1187 1368 1356 1438 Matricula

153 1481 367 1546 uniuersitatis
400 1481 630 1564 conscriptum,
664 1480 713 1544 vel
746 1481 905 1546 facultatis
937 1482 964 1544 si
988 1479 1216 1545 Baccalaureus
1245 1478 1352 1556 fuerit,

155 1586 262 1669 itaque
284 1585 410 1651 Scelere
440 1586 490 1650 vel
512 1585 732 1671 Magistrando
763 1587 943 1651 examinato
974 1606 1048 1649 mox
1077 1583 1264 1650 deliberacio
1286 1582 1353 1660 fiat,

154 1713 196 1756 an
220 1689 434 1756 admittendus
456 1690 562 1754 veniat
585 1712 624 1753 an
649 1709 711 1753 non
736 1689 755 1752 ¹.

403 1933 458 1998 D'e
481 1931 755 1997 loramentis
778 1935 1097 2016 temptatorum.

243 2115 293 2175 60.
324 2108 493 2173 Ordinauit
515 2112 546 2173 et
569 2108 682 2172 statuit
704 2107 856 2185 facultas,
890 2107 990 2191 quod,
1022 2111 1057 2172 vt
1079 2105 1292 2192 premittitur,
1320 2105 1354 2169 in

152 2218 377 2300 temptatorem
400 2214 514 2278 electus
539 2213 719 2278 huiusmodi
735 2213 914 2296 temptandi
929 2235 1008 2277 onus
1024 2234 1182 2278 assumere
1197 2215 1352 2286 tencatur,

152 2320 210 2384 sub
235 2341 318 2404 pena
341 2319 473 2383 duorum
495 2318 685 2382 florenorum
708 2319 784 2382 fisco
799 2316 960 2382 facultatis
985 2318 1254 2403 applicandorum.
1293 2315 1353 2380 Ju-

152 2428 263 2506 retque
285 2425 458 2508 temptator
481 2445 637 2488 anacam
660 2422 776 2486 decano
800 2421 859 2486 hoc
882 2422 991 2486 modo:
1015 2421 1152 2507 primo
1175 2416 1257 2505 quod
1280 2421 1352 2485 nul-

151 2530 217 2593 lam
240 2532 398 2613 temptare
426 2528 503 2593 velit
525 2532 557 2592 et
579 2529 776 2606 examinare,
807 2528 870 2591 nisi
900 2549 957 2611 per
987 2527 1171 2592 facultatem
1201 2530 1235 2589 vt
1258 2547 1354 2609 supra

151 2635 324 2699 admissum
352 2638 384 2698 et
413 2638 644 2718 presentatum,
680 2632 861 2699 secundo
891 2633 973 2716 quod
1004 2631 1140 2696 fideliter
1172 2631 1353 2695 examinare

149 2739 236 2818 velit,
261 2739 307 2802 ita
330 2739 413 2823 quod
436 2761 493 2823 per
516 2739 582 2803 eius
600 2743 760 2822 torporem
780 2743 835 2803 aut
849 2739 1083 2823 negligenciam
1107 2737 1219 2822 dignos
1242 2733 1352 2818 repelli

149 2849 181 2908 et
203 2845 354 2928 indiguos
383 2844 423 2908 acl
446 2845 582 2930 gradum
606 2844 733 2908 admitti
754 2865 818 2907 non
851 2844 1033 2928 contingat,
1064 2841 1206 2907 tercio
1228 2838 1311 2924 quod
1334 2863 1353 2904 a

149 2948 336 3034 temptando
358 2950 407 3014 vel
429 2949 622 3032 temptandis
653 2949 734 3013 nihil
756 2949 888 3032 recipiat
919 2953 975 3013 aut
999 2948 1111 3032 quouis
1133 2946 1224 3012 modo
1247 2951 1352 3011 extor-

151 3057 263 3138 queat,
298 3074 399 3136 neque
433 3052 570 3136 aliquem
599 3055 738 3138 ipsorum
762 3053 871 3120 fauore
893 3055 1039 3121 indebito
1063 3057 1263 3140 promoueat,
1297 3057 1354 3118 aut

242 3279 251 3315 ¹
275 3277 312 3344 B.
336 3285 400 3358 faga
418 3287 481 3342 bei:
517 3281 600 3346 Item
615 3305 778 3366 nunquam
802 3283 863 3349 duo
878 3283 1004 3362 fratres,
1028 3283 1062 3347 ia
1077 3282 1184 3347 eodem
1209 3281 1353 3345 examine

155 3383 270 3450 debent
293 3407 358 3450 esse
380 3387 617 3452 examinatores.
1024 3457 1032 3476 „

234 3489 317 3553 Item
340 3490 366 3553 si
401 3491 617 3576 contingeret,
651 3494 733 3577 quod
764 3494 880 3578 aliquis
903 3496 1133 3578 temptatorum
1157 3491 1206 3556 vel
1232 3489 1351 3554 exami-

150 3597 298 3660 natorum
329 3593 460 3660 haberet
490 3597 612 3675 filium,
646 3598 745 3662 eciam
775 3599 977 3685 priuignum,
1011 3597 1145 3662 fratrem
1173 3595 1223 3660 vel
1252 3594 1351 3658 alium

152 3699 421 3785 consanguineum
445 3701 506 3765 sibi
528 3702 562 3765 in
585 3703 683 3767 tercio
705 3703 806 3788 gradu
829 3704 983 3782 iunctum,
1007 3707 1084 3768 tune
1098 3701 1172 3766 talis
1196 3701 1350 3786 magister

17 3797 19 3870 l
148 3808 221 3888 post
253 3807 450 3887 temptamen
484 3806 533 3870 vel
563 3828 693 3871 examen
723 3809 827 3892 primo
859 3809 948 3873 dabit
972 3812 1080 3874 votum
1103 3829 1213 3885 suum,
1247 3803 1350 3890 quoad

150 3908 395 3993 promouendum
418 3910 466 3973 vel
490 3909 677 3990 locandum,
704 3934 766 3996 quo
789 3912 872 3977 facto
896 3913 1003 3978 exibit.
1050 3912 1100 3977 Ita
1123 3913 1204 3996 quod
1228 3913 1262 3976 in
1285 3913 1350 3977 eius

17 4049 19 4080 l
149 4012 291 4077 absentia
321 4011 374 4096 alij
404 4013 551 4099 magistri
585 4037 647 4079 vna
681 4037 753 4081 cum
777 4014 904 4082 Decaao
936 4017 1060 4102 possint
1091 4039 1147 4082 sua
1169 4021 1243 4082 vota
1265 4018 1349 4096 dare,

149 4117 250 4200 quoad
273 4118 369 4181 talem
393 4121 640 4202 promouendum
664 4122 713 4185 vel
743 4121 921 4187 locandum.
978 4121 1039 4186 Per
1069 4123 1128 4188 hoc
1155 4127 1261 4187 tamen
1284 4143 1349 4188 non

17 4253 19 4314 ι
149 4226 293 4288 censetur
323 4221 397 4287 huic
427 4225 581 4310 magistro
611 4227 815 4312 derogatum,
849 4227 925 4312 quin
958 4227 1059 4312 possit
1080 4250 1146 4292 esse
1169 4249 1296 4313 presens
1318 4232 1350 4292 et

17 4323 19 4400 ξ
149 4331 257 4394 votum
281 4350 372 4393 suum
397 4329 471 4393 dare
486 4353 549 4395 vna
571 4353 642 4396 cum
658 4332 728 4414 alijs
745 4333 991 4417 temptatoribus
1007 4333 1055 4398 vel
1072 4333 1347 4411 examinatoribus,

149 4438 303 4520 quantum
327 4434 366 4498 ad
389 4435 620 4519 promotionem
634 4436 886 4503 collocationem
903 4438 1036 4503 aliorum
1052 4438 1347 4524 promouendorum,

17 4543 18 4570 l
149 4539 208 4604 sibi
231 4561 297 4604 non
321 4540 636 4627 consanguineorum.
