3424 5308
947 465 1032 524 1512.

938 627 1033 692 1542.

839 736 948 800 Mense
971 734 1132 800 Januario.

398 844 445 903 11.
471 839 672 906 Abrahamus
689 840 879 906 Schwiekler
894 839 1112 926 Augustam
1136 840 1218 904 nihil
1234 840 1328 918 dedit,
1352 841 1512 903 moretur
1528 837 1609 900 eninr

467 968 538 1010 eum
560 947 599 1011 D.
623 945 851 1031 Wolphgengo
875 950 903 1010 9.

832 1050 941 1115 Mense
964 1049 1145 1114 Februario.

395 1160 443 1222 12.
468 1155 606 1221 Joannes
630 1156 785 1222 Henrieus
809 1155 902 1221 Keiss
925 1156 1165 1241 Thubingensis
1190 1161 1240 1220 13.

394 1264 442 1326 13.
467 1259 606 1325 Joannes
630 1260 818 1326 Vollandius
843 1263 1079 1348 Thubingensis
1105 1265 1155 1326 24.

395 1369 443 1427 14.
467 1363 605 1428 Joennes
627 1365 819 1430 Wilhelmus
843 1365 973 1430 Benslin
1000 1365 1238 1451 Thubingensis
1264 1372 1313 1431 24.

398 1473 445 1533 15.
470 1466 647 1552 ehasparus
671 1469 896 1556 Balghammer
920 1470 1210 1557 Herrenbergensis
1236 1477 1286 1536 25.

864 1575 973 1640 Mense
996 1575 1123 1640 Martie

396 1684 444 1743 16.
468 1679 671 1744 Eberhardus
695 1680 877 1744 Bidenbaeh
901 1683 938 1746 de
961 1680 1132 1766 Grunberg
1155 1681 1189 1746 in
1214 1681 1329 1747 Hassia
1356 1687 1407 1748 19.

873 1785 982 1851 Mense
1005 1785 1120 1870 Aprili.

399 1895 446 1954 17.
471 1889 581 1954 Helias
604 1890 789 1977 Thelfinger
811 1891 973 1956 Vlmensis
1001 1895 1049 1955 13.

399 2001 447 2060 18.
472 1995 611 2061 Joannes
635 1995 838 2060 Gsehwenter
861 1997 899 2060 de
921 1993 1044 2081 Abling
1066 1996 1101 2059 in
1126 1995 1262 2060 Bauaria
1285 2001 1335 2060 25.

403 2107 451 2166 19.
476 2100 634 2166 Martinus
658 2101 756 2187 Geyss
778 2101 1016 2167 Hebbaehensis
1041 2105 1091 2164 29.

880 2206 990 2271 Mense
1015 2206 1109 2271 Maio.

400 2315 450 2374 20.
476 2309 654 2393 Chesperus
676 2311 791 2376 Herier
814 2312 852 2376 de
873 2312 1022 2377 Weisaeh
1045 2318 1073 2376 8.

396 2420 452 2480 21.
477 2416 673 2481 Wernherus
696 2418 813 2482 Hemm
838 2417 961 2501 (Haim)
985 2417 1022 2480 de
1047 2413 1270 2480 Krahelsheim
1297 2420 1345 2478 12.

880 2522 989 2587 Mense
1012 2521 1120 2586 Junio.

399 2632 450 2692 22.
476 2625 629 2711 Georgius
652 2627 879 2700 Schweikhard
904 2628 941 2692 de
964 2627 1051 2692 Sultz
1075 2632 1103 2692 6.

400 2739 451 2799 23.
475 2732 614 2798 Joannes
637 2731 857 2817 Hafenperger
880 2732 1145 2818 Stuetgardianus
1172 2737 1220 2796 17.

398 2843 449 2903 24.
477 2838 588 2903 Gallus
613 2836 743 2902 Eberlin
766 2838 803 2902 de
827 2837 1015 2924 Grflningen
1042 2842 1092 2902 26.

261 3021 268 3034 .
399 2950 451 3010 25.
476 2942 615 3008 Joannes
638 2943 777 3008 Metiner
800 2943 838 3008 de
859 2943 1049 3008 Saxenheim
1072 2947 1122 3008 28.

399 3055 450 3114 26.
474 3049 623 3112 Vrbanus
645 3047 752 3112 Keller
777 3047 957 3132 (Cellarius)
982 3049 1020 3112 de
1043 3047 1246 3133 Stuetgardia
1269 3051 1320 3110 28.

401 3159 452 3221 27.
476 3153 612 3219 Jaeobus
635 3154 782 3219 Eekhard
806 3154 843 3217 de
866 3152 1021 3218 Kantstat
1046 3159 1096 3219 28.

404 3266 454 3326 28.
480 3259 619 3324 Joannes
640 3258 827 3324 Schladerus
851 3257 1036 3324 Kirehensis
1060 3262 1110 3322 26.

881 3363 990 3429 Mense
1013 3364 1109 3429 Julio.

398 3475 449 3536 29.
475 3469 630 3554 Georgius
655 3468 809 3554 Beringer
834 3469 995 3534 Vlmensis
1022 3474 1069 3534 13.

399 3580 450 3640 30.
474 3573 637 3638 Johennes
660 3573 868 3657 Marquardus
891 3575 929 3639 de
951 3573 1148 3638 Pfortzheirn
1174 3580 1227 3639 13.

860 3678 969 3744 Mense
992 3678 1148 3764 Augusto.

404 3790 457 3852 31.
480 3785 632 3850 Nicolaus
655 3785 758 3850 Rentz
782 3785 1047 3870 Stuetgerdienus
1071 3789 1121 3849 26.

837 3890 949 3956 Mense
971 3889 1157 3973 Septembri.

404 4003 456 4062 32.
481 3995 619 4060 Joannes
643 3995 760 4061 Saitler
783 3997 821 4060 de
845 3995 1006 4080 Hewpaeh
1031 4001 1059 4058 2.

486 4152 551 4217 Sub
574 4157 734 4217 reeioreiu
758 4154 876 4218 clariss.
909 4154 968 4217 viri
1003 4154 1042 4218 D.
1066 4153 1201 4219 Jorrrrs
1225 4153 1382 4218 smmum
1414 4150 1446 4218 J.
1480 4153 1527 4216 V.
1558 4156 1638 4219 D.'i

474 4347 513 4399 16.
532 4343 785 4400 Bracceheimensis
818 4345 884 4399 Mra.
905 4345 941 4398 M.
960 4347 993 4398 A.
1014 4347 1090 4400 1550.
1111 4345 1144 4397 D.
1163 4343 1213 4398 Th.
1231 4361 1270 4396 ev.
1292 4341 1349 4395 Abi
1368 4340 1397 4395 in
1421 4343 1641 4401 Bebenhaueer

404 4437 479 4490 1560.
499 4467 531 4474 —
551 4435 592 4488 21.
621 4433 862 4489 Keitzhaimensis.
883 4465 910 4474 -
935 4434 977 4488 26.
998 4434 1033 4486 M.
1054 4432 1087 4486 Α.
1109 4434 1186 4486 1519.
1216 4432 1259 4486 Pf.
1288 4430 1318 4484 in
1338 4429 1481 4486 Phlbaeh
1505 4438 1596 4490 1555.
1614 4462 1640 4474 -

399 4521 441 4574 28.
461 4518 595 4588 Symon
613 4519 791 4575 Sehleder
810 4521 877 4576 Μ11.
898 4553 928 4560 -
948 4523 990 4576 29.
1010 4522 1046 4575 Μ.
1069 4520 1103 4573 A.
1124 4521 1202 4575 1545.
