3462 5320
344 441 408 504 258
772 439 903 494 Facultas
921 440 1087 510 theologica.

431 596 512 663 Item
538 597 565 660 si
588 596 705 678 aliquis
721 596 948 681 magistrorum
965 598 1112 665 habuerit
1127 597 1267 680 aliquam
1290 619 1415 662 causam
1437 601 1550 662 contra

341 700 586 779 admittendum,
610 706 769 786 proponat
791 702 825 765 in
845 701 1018 782 facultate,
1043 708 1074 768 et
1096 703 1124 766 si
1146 701 1243 767 fuerit
1264 702 1431 768 inuentum
1452 703 1548 787 legia

340 805 418 871 tirnc
439 805 578 881 obstans,
603 826 667 868 non
690 804 888 871 admittatur.

428 910 510 975 Item
538 914 611 994 post
643 909 786 995 predicta
818 912 925 976 cadem
957 911 1092 976 facultas
1126 910 1277 976 iudicabit
1307 911 1344 977 de
1366 902 1548 997 ydoneitate

341 1037 397 1080 sua
431 1015 565 1080 sciencia
596 1019 628 1080 et
660 1015 819 1096 moribus,
855 1021 888 1082 et
918 1017 1117 1082 conclusione
1148 1017 1259 1082 habita
1289 1018 1374 1084 dicat
1395 1017 1547 1082 decanus:

340 1122 474 1186 admitto
506 1140 563 1186 aas
591 1122 718 1186 nomine
745 1119 931 1201 facultatis,
963 1122 1053 1188 salac
1077 1129 1182 1188 tamea
1204 1124 1289 1205 quaet
1305 1124 1406 1204 prius
1429 1124 1548 1188 iuratis

341 1229 465 1291 statuta
487 1244 649 1290 carsorcuc
671 1227 898 1291 concernentia.

564 1377 853 1446 la'ramcntum
876 1381 923 1446 ad
946 1404 1110 1447 cursum
1134 1385 1317 1450 admissi.

427 1519 498 1603 Eae
511 1569 517 1584 .
532 1569 559 1584 ..
582 1521 655 1584 iuro
678 1521 896 1586 reuerenciane
916 1523 1163 1604 maaistrcrunr,
1186 1531 1216 1591 et
1238 1527 1353 1590 tanam
1373 1522 1545 1602 facultatis

336 1625 476 1706 fideliter
493 1645 703 1705 promouere,
734 1625 852 1693 decano
873 1625 1043 1703 facultatis
1073 1628 1109 1692 in
1133 1628 1234 1694 licitis
1258 1635 1287 1694 et
1309 1629 1453 1693 honestis
1475 1628 1547 1692 abe·

338 1731 425 1807 dire,
461 1733 491 1793 et
512 1730 611 1793 istum
631 1730 772 1811 aradum
794 1730 829 1792 in
852 1727 944 1794 nulla
967 1730 1036 1796 alia
1058 1733 1270 1799 uniuersitate
1292 1752 1495 1812 rccurnmcra
1517 1739 1549 1798 et

334 1855 399 1916 per
423 1835 505 1899 duos
529 1855 631 1902 annos
655 1834 793 1916 qualibet
816 1855 900 1900 anno
916 1837 1100 1918 octuaainta
1116 1837 1261 1918 capitula
1277 1839 1312 1902 in
1329 1837 1426 1902 libris
1447 1837 1546 1900 michi

340 1940 524 2023 assianatis
546 1939 657 2022 leaere,
681 1945 710 2004 et
732 1941 818 2004 orani
840 1960 924 2004 anna
946 1941 1151 2020 respondere,
1175 1947 1204 2007 et
1227 1941 1323 2008 sancet
1346 1941 1546 2008 collationem

334 2043 451 2124 facere.
1359 2118 1362 2123 ,
1390 2099 1393 2108 .

426 2149 507 2215 Item
535 2148 626 2228 iufra
648 2153 715 2213 octa
738 2150 810 2213 dics
833 2170 922 2228 cunc,
956 2171 1047 2232 quem
1070 2153 1203 2218 audiero
1226 2151 1354 2234 aliquid
1376 2153 1547 2216 dissonam

334 2255 413 2336 fidei
435 2274 590 2332 asserere,
614 2254 782 2318 oretiuaric
808 2253 870 2320 loci
893 2260 950 2320 aut
973 2257 1090 2322 decana
1118 2263 1175 2323 aut
1197 2257 1367 2338 rncqistris
1391 2255 1544 2338 theoloyie

336 2360 539 2426 denunciare.

424 2464 506 2529 Item
534 2485 654 2531 ornnem
684 2470 788 2530 actum
819 2465 959 2546 aradam
987 2466 1023 2528 iu
1053 2464 1212 2548 tleclcyia
1240 2469 1476 2530 concernentern
1505 2465 1542 2530 in

335 2591 442 2652 cappa
462 2570 592 2650 faciam.

424 2675 506 2741 Item
534 2680 608 2740 ante
633 2675 838 2755 principiani
868 2695 984 2740 cursus
1015 2676 1077 2740 mei
1105 2695 1201 2740 arrum
1228 2673 1386 2754 florenum
1415 2675 1541 2742 saluam

332 2779 496 2860 facultati,
519 2778 672 2844 similiter
694 2784 724 2844 et
741 2779 869 2860 pedellc
892 2801 988 2846 cnara
1008 2780 1165 2861 florenum
1186 2779 1205 2843 ¹.

425 2885 506 2950 Item
528 2905 591 2948 non
613 2884 832 2966 doqrnatisabo
854 2885 1005 2967 docmata
1035 2881 1239 2964 Wiclelefs
1268 2905 1368 2966 neque
1389 2883 1541 2950 ‹lalan-

334 2990 406 3053 uis
428 2989 589 3067 Hussa,
620 2991 887 3072 deamatisantem
916 2991 999 3056 talia
1028 2997 1190 3071 utsupra
1220 2991 1427 3055 denunciata.
1467 3010 1541 3055 con·

334 3095 524 3159 suetudines
548 3095 684 3177 (terciane
707 3101 736 3160 et
759 3095 923 3162 libertates
952 3093 1122 3172 facultatis
1145 3095 1313 3177 tlrcoloaice
1336 3095 1430 3158 iacta
1453 3095 1541 3158 circs

332 3199 551 3265 manutenebo.

422 3301 597 3369 Hortamur
621 3308 775 3387 preterea,
799 3306 883 3389 quod
906 3306 1128 3372 baccalaureus
1150 3305 1252 3369 facere
1276 3304 1385 3370 volcas
1409 3305 1537 3370 colla-

333 3408 499 3474 tionem
522 3412 684 3494 presentet
707 3432 775 3475 cam
799 3412 887 3495 prius
911 3411 1065 3496 magistro
1099 3409 1251 3494 dirigenti
1282 3430 1355 3474 cum
1379 3410 1418 3474 ad
1441 3410 1540 3476 corri-

332 3511 471 3596 gendum
492 3510 543 3578 vel
566 3514 824 3579 abbrcuiandum.

420 3614 502 3679 Item
525 3616 632 3680 nullus
655 3618 774 3683 deferat
797 3621 1015 3698 annulum,
1045 3621 1107 3685 nisi
1129 3642 1167 3684 ex
1189 3618 1346 3704 dignitate
1368 3639 1441 3683 eum
1462 3639 1539 3684 con-

331 3723 449 3784 cernat.
497 3719 653 3785 Similiter
678 3722 712 3786 in
735 3723 806 3788 aliis
840 3725 981 3790 vestibus
1012 3729 1045 3792 ct
1067 3725 1208 3790 moribus
1230 3747 1264 3789 sc
1286 3725 1417 3788 honeste
1438 3727 1538 3808 regat.

515 3895 808 3962 duramentum
830 3899 876 3962 ad
899 3899 1144 3964 sentencias
1167 3899 1351 3964 admissi.

417 4033 488 4116 ch
512 4084 519 4098 .
543 4083 574 4098 ..
600 4037 673 4100 iuro
708 4040 743 4101 in
774 4039 866 4103 nulla
895 4039 964 4104 alia
986 4041 1198 4105 cniuersitate
1232 4042 1413 4106 sentencias
1437 4040 1540 4121 lcaere

323 4158 388 4219 pro
408 4139 524 4218 sarna,
549 4145 578 4204 et
597 4144 753 4221 promitto
777 4144 858 4208 bona
885 4145 952 4225 fide
968 4146 1078 4225 princ
1102 4165 1186 4209 anno
1204 4129 1350 4224 prirnar‘a
1373 4151 1402 4209 ct
1425 4165 1537 4208 secun-

385 4268 537 4276 —w—-q

402 4310 414 4363 l
434 4309 495 4374 XII,
515 4311 546 4365 21
566 4314 639 4367 setat
652 4313 750 4368 carme
769 4316 842 4369 Item
861 4317 929 4370 ante
948 4314 1116 4385 principium
1130 4331 1224 4370 cursus
1237 4314 1292 4369 mei
1305 4315 1342 4370 ad
1361 4317 1458 4371 fiscum
1476 4315 1539 4370 vni·

330 4397 473 4453 uersitatis
491 4399 640 4456 dimidium
654 4401 797 4468 florenum,
816 4405 919 4459 rectori
936 4402 1129 4458 uniuersitatis
1141 4403 1262 4472 quinque
1275 4403 1385 4470 solidos,
1405 4404 1539 4461 facultati

328 4499 414 4538 vnum
433 4489 462 4540 et
480 4489 598 4558 pedellis
616 4507 703 4544 vnum
720 4490 837 4546 florenos
855 4491 973 4547 saluam.
