3504 5322
528 494 660 551 Statuten
678 495 726 550 des
744 495 977 552 contubernium
998 499 1071 554 1536.
1337 499 1399 566 433

194 655 386 720 discriminis
402 678 470 720 csse
486 655 705 733 iudicandum,
729 655 792 719 nisi
815 655 1029 720 diuersitatem
1055 661 1215 742 quandam
1238 661 1398 726 doctrinm.

194 759 454 847 Predagogarchae
477 759 610 845 puerilis
633 760 776 825 educatio
799 761 926 846 proprie
948 762 991 826 sit
1013 767 1189 832 commissa.

358 987 460 1074 Caput
483 987 539 1053 VI.
586 985 641 1052 De
663 985 844 1071 praesidc
866 987 1235 1073 Paedagogarchiae.

281 1143 329 1209 Ex
360 1145 518 1211 sententia
549 1143 673 1210 consilii
695 1143 922 1209 Vniuersitatis
952 1144 1046 1212 huius
1074 1135 1315 1214 demandabitnr
1345 1152 1399 1216 vni

197 1250 293 1314 alicui
322 1249 445 1314 homini
477 1249 650 1314 latinarum
681 1269 918 1334 graecarumque
947 1249 1127 1318 litterarum
1149 1254 1253 1339 perito
1275 1259 1308 1319 et
1330 1277 1398 1320 ver·

194 1358 263 1419 sato
295 1355 329 1418 in
360 1354 475 1418 studiis
498 1355 615 1419 artium
639 1375 714 1419 cura
736 1357 768 1418 et
790 1359 950 1438 respectus
973 1356 1170 1443 paedagogii‚
1202 1359 1258 1442 qui
1281 1359 1393 1438 videat,

195 1463 228 1524 vt
262 1459 369 1524 omnia
402 1459 434 1523 in
473 1460 560 1524 illius
599 1461 874 1526 administratione
912 1461 1023 1527 ordine
1055 1470 1088 1528 et
1120 1470 1204 1530 recte
1232 1471 1395 1550 gerantur.

194 1564 478 1650 Paedagogarcham
501 1570 646 1646 moneat,
681 1567 846 1652 obiurget,
889 1568 1016 1646 doceat,
1062 1568 1226 1648 hortetur,
1265 1570 1400 1654 denique

195 1671 305 1754 praesit
326 1669 483 1734 functioni
507 1671 647 1735 muneris
672 1671 781 1756 ipsius.
826 1670 886 1736 Sed
913 1674 1142 1740 animaduersio
1166 1674 1200 1738 in
1222 1673 1398 1761 Paedagog·

194 1774 324 1840 archam
347 1774 389 1839 ob
411 1775 561 1841 delictum
584 1775 715 1841 Consilii
738 1775 965 1844 Vniuersitatis
988 1778 1082 1844 huius
1104 1777 1219 1842 schola
1241 1783 1317 1844 esto.

385 2003 488 2089 Caput
511 2003 585 2068 VII.
632 2004 688 2070 Dc
710 2004 901 2070 Consilio
927 2004 1218 2071 Contubernii.

282 2179 320 2243 ln
344 2180 624 2246 deliberationibus
647 2180 795 2245 omnibus
817 2201 882 2244 non
908 2178 1060 2264 grauibus
1083 2179 1199 2244 Rector
1224 2201 1320 2244 vnum
1343 2184 1398 2244 aut

195 2285 329 2349 alterum
360 2286 398 2350 de
427 2287 561 2370 collegio
594 2285 786 2370 Magistrum
815 2285 876 2348 sibi
908 2283 1084 2348 aduocabit.
1131 2281 1168 2348 ln
1198 2285 1399 2370 grauioribus

195 2389 233 2452 dc
254 2390 409 2454 vniuersis
432 2390 601 2455 consilium
624 2390 806 2454 constituet.
851 2389 884 2453 Si
908 2388 984 2471 quid
1005 2389 1137 2452 omnino
1160 2388 1311 2473 explicari
1334 2411 1397 2453 non

194 2495 321 2577 poterit,
345 2495 412 2559 eius
435 2495 626 2560 decisionem
648 2517 667 2558 a
694 2498 878 2576 quatuor
900 2493 1014 2558 viris
1037 2494 1286 2577 praesidibus
1316 2493 1398 2558 Con·

194 2599 335 2684 tubernii
358 2603 477 2683 petent.

248 2826 351 2912 Caput
373 2825 464 2892 VIII.
511 2827 565 2892 De
588 2828 746 2893 incolis
767 2825 1141 2892 contubernalium
1168 2827 1317 2892 aedium.

282 2984 467 3069 Quicunque
489 2985 623 3050 studiosi
646 2985 679 3049 in
702 2983 917 3051 Contubernio
941 2983 1058 3069 degent
1080 2983 1203 3068 legibus
1227 2984 1396 3048 contuber-

196 3090 319 3154 nalibus
341 3089 553 3168 tenebuntur,
585 3113 657 3154 cum
687 3093 793 3174 quiete
820 3096 851 3156 et
874 3090 994 3175 pudore
1016 3089 1146 3166 uiuent,
1178 3087 1307 3152 Rectori
1337 3088 1397 3150 irn-

194 3195 306 3278 primis
328 3215 364 3258 ac
386 3195 451 3258 suis
475 3196 638 3281 magistris
661 3196 811 3281 morigeri
834 3198 939 3272 erunt,
963 3216 1027 3257 non
1048 3193 1169 3257 dabunt
1185 3192 1398 3258 Contubernio

195 3301 363 3376 damnum,
394 3299 600 3384 ondecunque
624 3301 750 3366 illatum
774 3301 813 3364 iri
836 3299 1013 3378 timebunt,
1046 3320 1114 3362 eam
1137 3297 1170 3362 in
1194 3302 1317 3382 partem
1340 3319 1398 3380 pro

196 3405 280 3470 virili
302 3425 336 3470 se
358 3410 530 3490 opponent.
662 3443 665 3449 ι

554 3631 658 3721 Caput
679 3631 735 3699 IX.
781 3633 837 3698 De
864 3631 1045 3696 famulis.

287 3789 412 3858 Famuli
444 3792 679 3858 contubernalis
708 3791 946 3856 communitatis
977 3792 1092 3874 praesto
1121 3791 1215 3852 erunt
1237 3787 1330 3852 iussis
1353 3787 1399 3852 le·

200 3896 357 3981 gictimis,
387 3897 535 3981 inprimis
557 3897 702 3964 Rectoris
731 3920 767 3962 sc
797 3895 1025 3982 Magistrorum
1055 3894 1196 3980 collegii,
1232 3894 1346 3978 quibus
1368 3897 1401 3956 et

196 4006 391 4067 sacramento
415 4003 543 4068 obnoxii
566 4004 643 4083 sint,
665 4004 719 4068 sed
742 4009 848 4068 tamen
872 4005 905 4066 et
926 4001 1061 4067 aliorum
1085 4001 1183 4085 aequis
1198 4004 1230 4064 ct
1246 3997 1399 4064 concessis

195 4107 462 4191 postulationibus
493 4109 677 4173 inseruient.
724 4107 820 4173 Suam
849 4129 978 4192 operam
1012 4106 1148 4171 fideliter
1181 4129 1217 4171 ac
1246 4126 1317 4170 cum
1349 4105 1399 4166 in-

195 4209 318 4274 dustria
339 4218 495 4298 peragent
515 4220 547 4279 et
570 4214 679 4279 datum
703 4236 835 4298 pensum
857 4213 1034 4278 absoluent.
1073 4211 1147 4278 Non
1171 4211 1395 4295 refragatores,

195 4336 261 4379 non
283 4316 499 4399 oblocutores,
533 4341 598 4384 non
621 4325 857 4404 responsatores
880 4323 992 4396 erunt,
1027 4317 1080 4382 aed
1114 4339 1186 4384 cum
1215 4315 1341 4380 silentio
1368 4317 1399 4378 et

196 4420 319 4505 placide
343 4421 460 4488 facient
482 4423 620 4488 offitium
643 4445 745 4492 suum.

248 4543 379 4585 Urlrandan
393 4543 434 4584 dar
450 4543 478 4586 U.
493 4543 622 4595 Tublnssan.
1043 4525 1077 4581 23
