3460 5314
828 481 958 538 Facultas
976 481 1091 537 Medica.

778 747 834 813 De
855 749 1141 814 iureiurando.

858 906 983 972 Titulus
1005 905 1061 972 IX.

452 1049 497 1114 Vt
517 1048 610 1114 facile
632 1049 761 1132 quaeuis
784 1048 983 1126 iuramenta,
1005 1048 1106 1114 sicubi
1128 1048 1167 1112 iis
1191 1069 1270 1133 opus
1292 1047 1398 1125 firerit,
1421 1044 1561 1110 inueniri

362 1155 495 1240 possint,
518 1154 576 1218 sub
599 1175 696 1219 unum
719 1153 847 1239 singula
869 1154 1001 1218 titulum
1022 1153 1148 1218 redacta
1172 1151 1318 1217 collocari
1340 1151 1528 1216 curauimus.

448 1258 675 1351 Jusiurandum
707 1279 834 1336 eorum,
866 1259 922 1342 qui
945 1258 1133 1324 consilio
1155 1259 1252 1324 studii
1275 1256 1446 1324 medicinae
1468 1256 1561 1322 adhi-

362 1368 488 1432 bentur.

449 1469 541 1535 Velle
562 1469 775 1534 obedientiam
797 1473 829 1532 et
850 1469 1085 1535 uenerationem
1100 1491 1133 1534 se
1154 1473 1313 1555 praestare
1326 1468 1462 1544 Decano,
1485 1465 1558 1532 nul-

366 1578 433 1642 lum
456 1572 636 1660 legitimum
660 1573 833 1638 detrectare
854 1574 1031 1659 imperium,
1055 1573 1295 1642 constitutiones
1309 1574 1442 1660 Collegii
1464 1572 1558 1636 buius

365 1683 446 1748 latas
468 1685 500 1746 et
522 1679 669 1764 deinceps
699 1678 844 1743 ferendas
867 1680 1050 1758 obseruare,
1083 1681 1233 1766 suflragia
1259 1680 1376 1746 nullius
1407 1679 1559 1744 odiosus

364 1807 470 1852 amore
491 1785 592 1863 terre,
623 1783 792 1869 diligenter
821 1783 949 1870 singula
979 1784 1018 1849 ad
1050 1805 1248 1850 communem
1269 1784 1365 1849 studii
1387 1783 1559 1849 medicinae

364 1891 537 1957 utilitatem
566 1886 699 1964 referre,
730 1885 898 1953 Silentium
929 1887 1155 1972 praestiturum
1186 1890 1394 1955 celenderum.
1446 1887 1558 1954 Dicat:

362 1997 416 2063 ua
437 1998 519 2074 iure,
541 1999 577 2058 ut
597 2013 646 2058 mc
667 1991 759 2058 Deus
780 1993 917 2058 adiuvet.
940 1993 963 2074 †

449 2096 676 2166 Jusiurandum
699 2097 1088 2164 examinandorum:
1112 2098 1262 2165 Passuros
1278 2121 1311 2165 ss
1326 2097 1451 2165 omnem
1473 2100 1557 2166 iudi-

361 2207 481 2272 ciorum
504 2205 663 2281 euentum,
686 2223 787 2286 neque
809 2203 837 2268 si
858 2204 1016 2289 repulsam
1048 2206 1182 2271 tulerint
1203 2211 1258 2270 aut
1280 2207 1410 2273 omnino
1432 2229 1451 2272 a
1472 2208 1557 2291 peti-

364 2314 451 2378 tione
475 2309 592 2377 exclusi
613 2308 751 2389 fuerint,
783 2309 863 2373 iram
892 2313 947 2375 arat
968 2310 1141 2376 uindictam
1164 2333 1198 2376 se
1218 2312 1271 2377 uel
1293 2333 1349 2397 per
1379 2312 1478 2378 alium
1499 2333 1558 2376 suo

359 2417 487 2483 nomine
508 2417 715 2499 usurpaturos
738 2435 813 2479 esse.

455 2521 682 2587 Jusiurandum
714 2519 1083 2602 exquisitorum:
1128 2520 1322 2587 Promittant
1349 2522 1465 2588 decano
1492 2544 1558 2586 non

359 2649 504 2714 passuros
534 2626 617 2692 affici
648 2625 828 2708 mouerique
858 2625 980 2689 animos
1002 2647 1074 2690 suos
1094 2626 1330 2706 beneuolentia,
1362 2625 1455 2707 odio,
1489 2627 1556 2691 lar-

360 2733 535 2820 gitionibus
565 2735 622 2796 aut
655 2753 711 2816 spe
735 2730 834 2795 futuri
863 2734 1002 2815 questus.
1059 2730 1345 2798 Examinandorum
1383 2754 1416 2797 se
1446 2754 1557 2798 curam

361 2837 535 2903 habituros.
780 2900 784 2907 .

447 2941 673 3008 Jusinrandnm
696 2940 1047 3010 Candidatorum:
1084 2943 1327 3009 Venerationem
1350 2965 1386 3008 ac
1408 2943 1557 3008 obedien-

359 3049 438 3113 tiam
454 3046 582 3113 Rectori
596 3045 825 3112 Vniuersitatis
848 3047 972 3114 scholae
993 3047 1098 3128 huius,
1123 3048 1251 3113 domino
1266 3049 1468 3126 Cancellario,
1491 3047 1556 3112 De·

301 3167 305 3176 ’
360 3175 438 3219 cauo
460 3156 493 3217 et
515 3151 655 3218 Consilio
677 3152 773 3218 studii
797 3153 972 3218 medicinae
993 3175 1026 3218 se
1047 3155 1270 3238 praestituros,
1301 3153 1425 3219 nullum
1447 3154 1556 3239 legiti-

359 3280 445 3322 mum
476 3257 648 3324 detrectare
678 3258 854 3343 imperium.
901 3258 990 3335 Quod
1021 3281 1079 3344 pro
1108 3259 1194 3324 uirili
1223 3281 1279 3326 sua
1300 3259 1461 3326 commoda
1483 3279 1557 3323 cum

359 3363 584 3428 Vniuersitatis
606 3362 731 3430 scholae
753 3362 847 3429 huius
871 3368 940 3430 tum
963 3365 1131 3450 praecipue
1153 3365 1251 3430 studii
1272 3366 1443 3432 medicinae
1466 3364 1555 3430 omni

362 3472 513 3554 tempore,
537 3469 576 3534 ad
600 3491 820 3554 quamcunque
841 3469 971 3534 honoris
996 3470 1201 3536 eminentiam
1224 3469 1323 3535 euecti
1345 3469 1473 3549 fuerint,
1498 3493 1556 3536 au·

362 3595 435 3660 gere
458 3575 568 3653 uelint,
591 3573 709 3638 melum
732 3595 807 3639 uero
829 3578 979 3639 auertere.
1026 3574 1117 3640 Velle
1138 3574 1298 3641 Licentiae
1326 3597 1363 3641 ac
1384 3573 1556 3641 Doctoreos

358 3678 493 3744 honores
515 3680 549 3743 in
574 3679 662 3744 nulla
684 3679 747 3744 alia
769 3678 996 3744 Vniuersitatis
1018 3678 1123 3744 schola
1145 3679 1267 3744 iterare.
1313 3680 1457 3766 Insignis
1480 3682 1555 3746 doe-

358 3773 446 3848 toreci
474 3784 539 3847 ritu
571 3782 694 3847 solenni
725 3785 891 3869 praefinito
922 3783 1102 3850 aConsilio
1125 3785 1219 3849 studii
1242 3784 1353 3865 huius,
1386 3788 1556 3871 persolutis

360 3889 507 3955 omnibus
531 3889 682 3974 impensis
704 3890 742 3954 de
764 3912 851 3955 more
873 3891 987 3956 debitis
1010 3913 1176 3976 capessere.

842 4081 1077 4149 Conclusio.

446 4220 494 4288 De
516 4221 663 4288 omnibus
694 4223 733 4288 iis
766 4223 829 4288 iam
853 4224 1035 4291 memoratis
1063 4226 1185 4311 legibus
1215 4230 1247 4290 et
1276 4226 1554 4292 constitutionibus

357 4329 470 4413 quouis
493 4333 633 4414 tempore
649 4329 830 4407 arbitrium,
853 4331 1054 4412 existimatio,
1078 4333 1306 4417 interpretatio,
1330 4333 1472 4413 mutatio,
1496 4333 1552 4397 ab·

358 4433 482 4518 rogatio
515 4455 610 4518 penes
633 4433 875 4519 Collegium
906 4435 1045 4500 studii
1074 4437 1245 4503 medicinae
1267 4442 1352 4516 esto,
1383 4438 1476 4502 modo
1497 4461 1552 4503 ex-

357 4559 482 4622 pressus
512 4559 681 4604 consensus
711 4543 744 4604 et
775 4540 928 4604 autoritas
951 4541 1076 4607 consilii
1098 4541 1322 4608 Vniuersitatis
1345 4545 1487 4623 secedat,
1517 4550 1553 4608 vt
