3504 5322
571 455 704 511 Statuten
722 457 769 511 des
789 457 1008 513 contubernium
1028 461 1103 516 1536.
1368 467 1432 530 429

229 701 283 765 De
313 702 599 768 Contubernii
624 703 937 769 Vniuersitatis
960 706 1246 792 Tubingensis
1276 709 1430 774 scholar

631 810 1022 875 administratione.

318 947 566 1012 Contuberuium
597 947 827 1025 studiosorum,
855 947 1028 1013 Bursarum
1053 950 1149 1014 veteri
1172 951 1300 1015 nomine
1323 953 1432 1036 appel-

228 1054 347 1131 latum,
379 1053 574 1118 domicilium
599 1075 635 1118 ac
657 1057 763 1118 coetus
785 1053 884 1118 bonas
908 1058 991 1118 artes
1014 1053 1218 1132 discentium,
1251 1057 1304 1120 vbi
1327 1061 1430 1121 custo-

229 1157 334 1222 diatur
363 1158 519 1242 exquisita
548 1157 716 1242 disciplina
745 1180 868 1223 morum
897 1179 934 1223 ac
963 1159 1139 1223 studiorum
1173 1161 1365 1238 iuuentutis²
1396 1162 1429 1225 in

229 1263 389 1327 meliorem
420 1268 453 1327 et
483 1263 588 1347 ipsum
619 1265 739 1326 statum
766 1267 838 1347 post
860 1264 997 1346 priorem
1020 1263 1249 1348 negligentiam
1271 1266 1432 1330 redactum

229 1369 306 1444 luit,
342 1368 381 1431 ad
415 1367 499 1431 hune
528 1366 673 1444 modum,
709 1368 762 1450 qui
785 1368 849 1432 suis
873 1368 1030 1452 capitibus
1053 1389 1106 1433 seu
1129 1369 1232 1434 titulis
1255 1371 1430 1454 explicatus

230 1473 382 1556 sequitur.

526 1663 660 1747 Caput
687 1685 756 1728 scu
785 1664 946 1729 titulus
967 1666 1134 1748 primus.

318 1805 424 1870 Vnum
452 1826 518 1868 esse
542 1805 819 1870 contuberniorum
845 1827 958 1890 corpus
980 1811 1114 1891 oportet.
1149 1807 1433 1873 Contuberniorum

232 1911 367 1995 quodam
389 1914 530 1994 tempore
553 1909 761 1975 dissensiones
784 1910 887 1988 fuere,
919 1915 1002 1975 natac
1030 1913 1067 1976 dc
1097 1913 1274 1977 studiorum
1300 1913 1432 1977 diuersi·

210 2017 313 2095 tata,
344 2038 439 2099 quam
467 2015 533 2080 fere
559 2014 782 2080 dissimilitudo
806 2017 1006 2080 voluntatum
1030 2018 1184 2107 sequitur.
1228 2016 1304 2093 Qua
1327 2021 1433 2082 tamen

230 2122 347 2187 sensim
369 2123 593 2185 erraueseentcs
616 2119 687 2184 tolli
710 2141 846 2203 coepere.
894 2119 955 2184 Eas
979 2121 1113 2185 abolitas
1137 2122 1183 2186 ita
1210 2143 1276 2185 csse
1298 2125 1433 2206 oportet,
1474 2145 1477 2150 ·

230 2233 266 2293 vt
304 2230 458 2310 quatenus
494 2227 563 2289 ficri
594 2225 693 2309 possit
735 2225 832 2288 nullae
861 2225 1002 2309 reliquiar
1033 2226 1160 2290 illarum
1193 2247 1355 2310 superesse
1385 2230 1432 2292 vi-

231 2333 373 2397 deantur.
420 2330 549 2394 Vnum
588 2331 673 2394 enim
712 2351 839 2413 prorsus
874 2351 1027 2415 corpus
1059 2331 1248 2396 censendum
1279 2333 1432 2408 omnium,

231 2439 285 2522 qui
316 2437 380 2501 illis
408 2438 442 2500 in
467 2435 586 2499 cedibus
620 2436 826 2500 docendarum
852 2435 1116 2520 colendarumque
1137 2437 1292 2501 bonarum
1316 2438 1433 2501 artium

231 2542 335 2628 gratia
357 2541 556 2626 praefuerint,
581 2541 698 2623 quique
724 2541 851 2606 illarum
873 2539 1092 2606 discendarum
1116 2564 1209 2606 causa
1231 2563 1267 2605 eo
1292 2563 1324 2606 sc
1349 2563 1431 2606 rece-

229 2651 355 2733 perant.

381 2857 483 2943 Caput
505 2857 548 2922 ll.
597 2857 649 2922 De
673 2853 971 2935 Quatuorviris
994 2851 1287 2919 Contubernii.

318 2999 519 3074 Quataorviri
544 3021 614 3063 cum
637 2999 808 3063 autoritate
831 2995 957 3081 publica
980 3000 1195 3079 preponantur
1218 2993 1434 3062 Contubernio

232 3103 460 3168 Vniuersitatis
492 3103 642 3181 consilio,
678 3104 732 3186 qui
763 3103 910 3188 praesides
944 3101 1008 3166 sint
1040 3101 1125 3165 illius
1155 3103 1203 3167 uel
1230 3103 1336 3186 potius
1359 3125 1430 3167 cen·

231 3231 324 3273 sores.
371 3207 494 3273 Horum
527 3208 663 3274 delectus
699 3209 760 3272 erit
793 3209 884 3284 talia,
919 3211 954 3270 vt
987 3206 1052 3270 sint
1093 3205 1275 3292 Theologiae
1312 3205 1431 3271 Doctor

230 3337 329 3391 unus,
348 3311 592 3396 jurisconsultus
614 3335 713 3390 unus,
746 3313 885 3377 Medicus
910 3311 1026 3376 Doctor
1050 3333 1138 3374 vnus.
1164 3309 1336 3376 ....¹.
1375 3311 1435 3375 His

231 3440 340 3484 omncs
364 3439 459 3502 penes
482 3440 559 3500 quos
583 3424 631 3482 est
658 3418 763 3500 aliqua
787 3417 992 3482 Contubernii
1024 3414 1277 3493 administrantia,
1311 3420 1346 3480 vt
1368 3416 1433 3481 suis

233 3522 420 3608 praesidibus
442 3523 617 3606 parebunt,
651 3545 752 3606 neque
774 3523 920 3605 cuiquam
944 3521 1078 3586 liberum
1102 3541 1343 3603 concessumque
1365 3523 1432 3586 esto

236 3627 367 3712 imperio
390 3627 518 3692 illorum
541 3629 732 3706 detrectare,
767 3650 831 3692 non
854 3627 1023 3691 reclamare
1050 3623 1317 3689 animaduersioni
1339 3625 1430 3690 iustae

230 3732 416 3796 delictorum
438 3754 576 3796 suorum.
624 3731 671 3797 Dc
691 3731 804 3816 quibus
833 3731 1055 3817 cognoscendis
1075 3731 1215 3814 potestas
1235 3730 1329 3812 plena
1351 3753 1431 3815 prae·

230 3837 332 3900 sidum
355 3836 427 3913 erit,
452 3838 542 3901 inter
560 3860 638 3922 quos
661 3837 687 3900 si
710 3835 793 3900 forte
816 3837 980 3900 sententiae
1003 3835 1035 3897 in
1058 3833 1227 3898 statuenda
1251 3857 1353 3918 poena
1375 3836 1428 3900 de-

231 3941 307 4006 licto
338 3941 370 4005 in
402 3942 584 4006 diversitate
619 3963 708 4026 pares
738 3941 877 4018 fuerint,
910 3939 1118 4004 arbitratione
1148 3939 1240 4003 unius
1272 3961 1309 4004 er
1336 3961 1432 4024 gran·

300 4150 312 4202 1
332 4147 399 4203 Hier
410 4149 448 4203 ist
462 4149 506 4204 ein
519 4151 583 4204 Sata
597 4151 709 4220 getilgt
730 4167 779 4204 aus
802 4148 934 4204 walchem
947 4145 1005 4199 sich
1023 4145 1093 4201 noch
1111 4145 1257 4201 entziffern
1274 4147 1352 4207 ldsst,
1371 4145 1435 4200 dass

230 4233 280 4290 der
298 4235 386 4290 vierte
413 4235 459 4290 ein
478 4236 610 4306 Mitglied
640 4237 689 4291 der
707 4235 835 4292 Artisten
852 4233 983 4288 l'acultltt
1011 4233 1068 4286 und
1095 4251 1169 4288 zuar
1194 4233 1240 4286 fdr
1257 4232 1367 4286 damals
1385 4232 1434 4287 der

231 4321 440 4377 Commissarins
464 4323 509 4378 Ill.
528 4323 676 4394 Principis,
705 4325 763 4380 also
782 4323 858 4380 Joa.
878 4321 1123 4384 Camerarius,
1148 4319 1207 4376 sein
1225 4319 1315 4376 sollte.
1352 4319 1432 4376 Dicae

230 4408 400 4478 Aenderung
417 4410 455 4463 ist
473 4411 557 4465 somit
575 4412 647 4466 nach
673 4412 775 4466 seinem
794 4412 918 4479 Abgang
941 4409 1081 4478 gemacht.
1119 4409 1197 4463 Statt
1215 4408 1248 4463 ei
1261 4426 1326 4463 ncs
1346 4407 1433 4465 Theo·

230 4495 313 4565 logan
332 4496 442 4551 werden
458 4498 531 4567 jatat
549 4497 643 4552 zuei
661 4497 824 4568 cingcsetzt.
