3442 5314
526 455 550 510 2.
579 455 770 529 Praepositura
786 455 818 508 in
835 452 1033 524 Sindelfingen.
1362 459 1382 524 9

264 607 404 698 damnus
436 657 477 698 nn
511 631 716 698 Sauconnam
747 627 758 666 ¹
792 634 902 716 postca
942 629 1087 715 eligitur,
1120 631 1197 696 alias
1229 653 1270 695 nn
1291 633 1383 702 Wra-

177 760 343 816 rsusaao,
378 743 480 803 rector
503 739 662 824 quondam
685 737 814 802 ecclesie
836 736 871 800 in
893 735 1086 822 Metaingeu‚
1111 759 1129 800 a
1153 760 1215 824 qua
1237 739 1381 806 nomina-

164 840 271 906 ·batur
293 841 478 928 Metzinger.

264 947 347 1032 Mgr.
371 946 537 1012 Jouausns
560 971 600 1010 nr
630 946 789 1012 Borrwaa
817 965 903 1008 sacre
926 944 1044 1028 pagine
1066 945 1225 1029 professor
1248 954 1320 1033 post
1343 951 1381 1015 il-

182 1050 248 1114 lum
271 1053 400 1117 ecclesie
422 1055 470 1116 est
492 1051 682 1136 prepositus,
705 1049 785 1116 obiit
808 1053 914 1114 autem
939 1048 978 1113 A.
1004 1049 1042 1114 D.
1067 1050 1354 1120 Mococxxrffll.

267 1155 349 1242 Mgr.
374 1157 552 1222 Harunrcus
574 1156 688 1222 Dacus
716 1156 911 1220 decretorum
934 1154 1045 1220 doctor
1060 1155 1108 1219 illi
1124 1160 1281 1223 successit.
1321 1159 1383 1225 Hic

179 1260 306 1326 domum
328 1263 527 1347 prepositure
557 1261 590 1326 in
613 1260 830 1344 Sindelfingen
853 1259 1027 1338 edificanit,
1061 1260 1250 1328 beneficium
1273 1264 1382 1330 altaris

181 1364 211 1430 S.
236 1366 362 1432 Andree
392 1367 537 1432 {undavit
568 1371 663 1450 atque
686 1365 830 1442 dotauit,
863 1364 992 1430 calicem
1022 1363 1118 1429 libros
1142 1372 1174 1432 et
1195 1374 1384 1434 ornamenta

182 1471 390 1550 contradidit,
420 1470 474 1536 hic
504 1471 645 1536 instituit
683 1471 805 1534 cantari
838 1470 1047 1554 antiphonam
1081 1471 1266 1539 Recordare.
1322 1475 1384 1541 Hic

179 1573 333 1640 Dominus
355 1577 522 1641 Heinricus
545 1577 777 1661 preposituram
800 1575 996 1659 permutauit
1019 1597 1077 1659 pro
1099 1577 1229 1641 ecclesia
1251 1579 1285 1642 in
1308 1578 1382 1643 Oel-

180 1679 291 1764 tingen
312 1702 382 1744 eum
393 1681 475 1768 Mgr.
486 1680 633 1746 Johanne
645 1681 754 1766 Degen
769 1681 984 1764 predecessore
993 1701 1064 1744 mco
1077 1680 1116 1745 A.
1131 1682 1170 1746 D.
1180 1682 1381 1750 Mccccnv.

269 1785 334 1850 Sub
349 1787 458 1852 eodem
473 1787 556 1872 Mgr.
574 1785 725 1851 Jounuua
753 1784 867 1850 Danau
889 1784 1099 1850 dimembrata
1119 1786 1184 1852 fuit
1206 1788 1335 1853 ecclesia
1352 1788 1382 1853 S.

185 1889 317 1954 Martini
335 1892 368 1956 in
379 1891 595 1977 Sindelfingcn
610 1890 798 1955 auctoritate
816 1889 938 1953 romani
955 1891 1113 1974 pontificis
1126 1891 1207 1957 Sixti
1220 1893 1275 1959 lv.
1289 1892 1327 1957 A.
1345 1894 1383 1958 D.

184 1993 472 2061 Mccootxxvlr
487 2002 519 2061 et
541 1996 740 2081 prepositura
757 2017 828 2059 cum
851 1998 922 2058 octo
937 1996 1174 2060 canonicatibus
1197 2001 1229 2062 et
1251 1999 1384 2063 totidem

184 2101 351 2183 prebendis
373 2103 530 2166 translata
552 2102 614 2165 fuit
637 2101 676 2165 ad
698 2101 781 2164 hanc
802 2104 945 2165 nostram
968 2101 1128 2166 eeclesiam
1152 2102 1181 2166 S.
1200 2103 1327 2192 Georgii
1350 2106 1384 2169 in

188 2204 373 2291 Tliuingen,
398 2229 458 2290 que
481 2207 587 2272 eadem
610 2208 799 2272 auctoritate
821 2209 924 2270 erecta
945 2205 1008 2269 fuit
1030 2207 1063 2270 in
1086 2207 1302 2292 collegiatam,
1326 2211 1385 2274 hac

184 2309 254 2394 lege
275 2315 310 2374 vt
331 2312 465 2395 predicti
488 2313 689 2377 canonicatus
721 2315 753 2374 et
775 2310 932 2395 prebende
959 2310 997 2374 da
1019 2314 1120 2375 cetero
1144 2334 1214 2376 cum
1238 2318 1384 2378 vacarent

183 2416 421 2500 assignarentur
453 2417 636 2502 regentibus
671 2414 765 2479 certis
797 2415 830 2477 in
860 2414 1067 2479 uniuersitate
1095 2415 1197 2481 Stadii
1228 2419 1385 2504 generalis

184 2517 277 2582 huius
299 2518 360 2584 loci
383 2521 422 2585 ad
454 2521 514 2585 hoc
536 2521 744 2604 qualificatis,
781 2518 891 2584 Cetera
919 2540 993 2582 vero
1026 2521 1176 2585 beneficia
1198 2523 1231 2586 in
1255 2522 1385 2587 ecclesia

184 2622 400 2711 Sindelfiugen
424 2627 530 2691 eadem
553 2627 740 2691 auctoritate
755 2624 913 2689 canonicis
930 2627 962 2688 et
984 2625 1183 2706 regularibus
1207 2627 1324 2692 ibidem
1347 2627 1385 2691 de

184 2749 266 2793 nouo
282 2730 438 2796 institutis
453 2731 540 2796 fuere
555 2732 725 2816 assignata
751 2729 873 2794 Deinde
887 2750 961 2794 vero
976 2729 1014 2793 A.
1028 2729 1067 2794 D.
1086 2730 1385 2796 Mccoonxxxlr

184 2833 284 2898 altera
305 2839 378 2919 post
400 2835 430 2900 S.
454 2835 640 2902 Michabelis
662 2836 781 2900 festum
805 2837 871 2918 [30.
889 2833 991 2918 Sept]
1008 2834 1089 2898 obiit
1111 2836 1269 2920 predictus
1291 2859 1385 2901 rene-

186 2938 295 3004 rabilis
317 2940 366 3004 vir
388 2939 471 3025 Mgr.
498 2939 660 3005 Johannes
685 2939 795 3024 Degen
819 2943 851 3003 et
873 2959 933 3024 ego
956 2938 1122 3004 domiuus
1147 2939 1386 3007 Varenuunaua

186 3042 380 3108 decretorum
402 3046 511 3110 doctor
533 3047 567 3110 in
591 3048 695 3110 locum
716 3045 816 3128 ipsius
841 3045 1039 3109 concorditer
1061 3045 1108 3109 lui
1131 3045 1258 3111 electus.

254 3215 336 3270 Univ.
349 3217 452 3271 Archiv
464 3218 520 3272 Mh.
534 3219 555 3273 1.
575 3220 617 3273 82.
635 3218 683 3272 IV.
714 3218 792 3273 Bona
810 3219 1010 3288 praepositura.
1039 3220 1216 3289 Pergament.
1251 3220 1305 3274 Der
1317 3219 1388 3274 Aus-

186 3321 239 3373 zug
257 3304 305 3358 der
323 3305 445 3360 Chronik
470 3307 507 3359 ist
533 3325 587 3361 von
605 3305 647 3360 Jo.
666 3305 820 3360 Nauclcrua
845 3324 893 3358 um
914 3307 996 3368 1482,
1023 3306 1082 3361 also
1106 3307 1185 3360 mehr
1204 3307 1246 3360 als
1266 3307 1387 3361 hundert

186 3389 270 3444 Jahre
289 3409 338 3446 ror
357 3391 468 3446 Crusius
493 3395 550 3448 und
569 3393 745 3448 Gabclkovcr
769 3393 916 3462 gemacht,
944 3395 1012 3449 aber
1030 3393 1107 3448 nicht
1126 3413 1179 3449 von
1197 3394 1287 3449 scincr
1304 3393 1387 3447 Hand

190 3476 373 3546 geschrieben.
410 3480 540 3535 Deraelbe
559 3482 646 3535 findet
669 3481 729 3534 hier
748 3481 790 3534 als
809 3481 933 3550 Anhang
959 3499 992 3533 zu
1009 3479 1060 3533 Νι.
1081 3483 1093 3535 1
1113 3481 1302 3551 vollstandige
1319 3479 1388 3534 Anf-

186 3563 299 3628 nahme,
326 3566 363 3620 da
388 3567 445 3621 sich
469 3568 522 3622 mit
540 3569 615 3623 Hilfe
639 3569 729 3624 dieser
748 3568 865 3624 Version
889 3569 981 3638 ainige
999 3567 1242 3638 Verbesserungen
1260 3570 1319 3623 und
1338 3569 1387 3622 Er·

187 3656 353 3723 ganzungen
370 3655 447 3710 nicht
465 3656 526 3711 blos
545 3675 578 3710 zu
597 3657 625 3710 Ο.
646 3656 675 3710 F.
694 3657 790 3724 Haug,
810 3655 965 3712 Chronicon
984 3655 1202 3724 Sindelfingenac
1220 3655 1289 3710 Tub.
1311 3657 1387 3719 1836,

186 3739 304 3794 sondern
330 3742 400 3796 auch
425 3761 458 3796 zu
483 3743 546 3799 dem
571 3744 703 3800 Abdruck
727 3743 776 3798 der
800 3743 881 3799 Notae
906 3743 1138 3813 Sindellingenaes
1161 3742 1192 3797 in
1218 3742 1273 3798 den
1290 3743 1388 3799 Monu-

186 3831 280 3882 menta
299 3828 457 3885 Germaniae
475 3831 531 3886 Ser.
550 3831 636 3897 XVII,
657 3833 707 3886 399
726 3832 853 3901 ergelren.

255 3915 324 3969 Dem
348 3915 434 3970 durch
462 3917 516 3972 den
535 3919 633 3989 Abzug
657 3919 747 3973 scincr
770 3919 888 3973 meisten
907 3895 1061 3972 Einlrdnl'te
1086 3917 1150 3972 libel
1176 3917 1388 3988 geschwitchten

185 4001 254 4056 stin
272 4003 368 4057 auchie
385 4003 430 4060 die
443 4005 627 4075 Erzherzogin
641 4005 801 4069 Meehthild‚
821 4005 894 4059 Grai
904 4005 1061 4060 Eberhards
1078 4003 1190 4068 Mulier,
1209 4005 1325 4059 welcher
1344 4004 1389 4059 die

186 4089 338 4145 Einln'mhe
360 4109 412 4146 von
430 4092 621 4164 Sindelfingen
640 4094 682 4148 als
701 4093 864 4163 Widerlage
883 4092 1077 4149 verschrieben
1095 4109 1201 4157 waren,
1220 4091 1251 4146 in
1269 4092 1388 4148 Verbin-

186 4199 393 4210 —----..--...

210 4237 213 4246 ’
257 4247 337 4302 1Βεί
357 4247 468 4302 Crusius
496 4249 752 4320 undvGabellrover
779 4251 938 4306 crscheincn
963 4251 1024 4306 hier
1049 4250 1146 4304 Ulrich
1171 4267 1226 4305 von
1250 4249 1388 4320 Stutgard

186 4335 243 4389 und
262 4335 358 4390 Ulrich
377 4355 432 4391 von
450 4337 640 4408 Wirtemborg
658 4339 700 4392 ale
719 4338 785 4392 zuei
804 4337 955 4400 Personen,
978 4337 1102 4393 offenbar
1119 4336 1270 4406 unrichtig,
1289 4337 1326 4390 da
1344 4337 1388 4391 bei

186 4425 317 4478 craterem
326 4423 390 4493 jede
408 4424 520 4480 weitere
539 4425 655 4495 Angabe
673 4427 766 4480 lehlen
784 4427 887 4480 wttrde.
924 4425 1111 4496 Vorliegende
1135 4425 1263 4495 Fasaung
1281 4425 1388 4479 erkldrt

187 4508 313 4579 augleich
331 4509 375 4566 dic
393 4509 574 4583 Entstehung
591 4513 638 4568 des
658 4513 805 4568 Irrthums.
