3442 5314
457 459 481 513 r.
508 457 1041 528 verlegungeesflindelnngersrifu
1062 458 1137 514 rue.
1377 461 1397 526 3

196 619 272 683 dicti
306 618 393 702 opidi
416 616 635 704 Sindelllngen
670 618 840 682 existentia
874 617 1033 701 applicare
1064 620 1098 682 et
1130 615 1191 700 ipsi
1225 618 1270 682 sic
1292 622 1396 684 erecto

196 723 390 788 Monasterio
424 723 501 786 duos
531 721 741 786 Canonicatus
774 728 808 787 et
840 723 973 788 totidem
1007 722 1182 805 prebendas
1214 722 1341 788 ecclesie
1364 723 1395 788 S.

194 827 328 892 Martini
350 829 455 892 decem
479 825 678 910 capellanias
701 830 734 890 et
756 827 938 892 ltectoriam
961 825 1141 892 huiusmodi
1163 849 1234 892 cum
1257 827 1397 909 plenitu-

195 934 269 998 dine
291 933 370 1000 iuris
393 932 537 998 canonici
567 953 604 996 ac
625 931 774 996 omnibus
806 932 928 997 iuribus
959 935 991 996 et
1012 931 1215 1014 pertinenciis
1239 931 1303 996 suis
1326 953 1398 1014 per·

195 1042 290 1121 petuo
324 1038 415 1101 unire
446 1040 614 1100 annectere
644 1039 677 1100 et
707 1037 909 1120 incorporare
940 1041 971 1102 et
1003 1036 1082 1100 alias
1116 1036 1217 1102 eisin
1239 1037 1399 1120 premissis

194 1148 350 1236 oportune
372 1142 537 1226 prouidere
560 1143 597 1206 de
621 1141 820 1226 benignitate
847 1142 1021 1225 apostolica
1043 1141 1256 1225 dignaremur.

282 1245 349 1310 Nos
381 1247 481 1330 igitur
512 1246 566 1329 qui
599 1247 717 1311 dudum
747 1249 830 1312 inter
859 1247 922 1312 alia
943 1246 1117 1322 voluimus,
1152 1246 1234 1328 quod
1257 1250 1399 1328 petentes

197 1352 349 1418 beneficia
371 1350 580 1414 ecclesiastica
602 1351 674 1416 aliis
697 1351 781 1415 vniri
803 1356 987 1416 tenerentur
1013 1350 1188 1434 exprimere
1210 1373 1321 1416 uerum
1343 1373 1399 1416 ua-

196 1457 294 1520 lorem
329 1455 498 1520 secundum
531 1477 728 1521 communem
752 1457 989 1521 extimationem
1015 1459 1082 1520 tem
1105 1455 1248 1522 beneficii
1270 1457 1401 1522 uniendi

196 1583 292 1644 quam
315 1560 402 1624 illius
423 1561 475 1624 cui
497 1562 582 1626 uniri
605 1565 779 1644 peteretur,
815 1561 958 1644 alioquin
980 1561 1057 1625 unio
1079 1581 1143 1625 non
1167 1560 1304 1638 ualeret;
1328 1561 1398 1645 qui-

197 1687 258 1749 que
280 1669 399 1730 certem
422 1665 570 1730 notitiam
594 1667 632 1730 de
653 1665 817 1749 premissis
840 1686 905 1730 non
927 1664 1098 1742 habemus,
1123 1665 1265 1749 erigendi
1279 1664 1399 1734 ¹Mona·

196 1771 286 1834 sterii
310 1771 444 1834 duorum
468 1770 719 1834 canonicatuum
741 1774 774 1834 et
795 1769 929 1834 totidem
960 1769 1189 1852 prebendarum
1212 1769 1317 1834 decem
1340 1771 1400 1834 Ca·

198 1875 408 1958 pellaniarum
444 1885 480 1940 ac
502 1875 648 1938 Rectorie
671 1874 851 1938 huiusmodi
881 1873 1042 1937 fructuum
1073 1873 1251 1938 reddituum
1274 1878 1307 1937 et
1327 1895 1400 1956 pru·
1513 1867 1519 1879 ’

198 1981 352 2043 uenfuum
377 2001 469 2044 ueros
485 1979 608 2044 ualeres
632 2003 752 2046 annuos
774 1979 973 2062 presentibus
988 2001 1046 2063 pro
1062 1978 1216 2062 expressis
1238 1977 1400 2056 habentes,

199 2083 382 2149 huiusmodi
404 2084 691 2169 supplicacionibus
707 2085 853 2150 inclinati
872 2083 1053 2148 discretioni
1076 2085 1129 2146 tue
1151 2104 1207 2166 per
1230 2083 1402 2165 apostolica

199 2190 318 2272 scripte
339 2190 544 2268 mandamuS,
576 2189 725 2272 quatinus
756 2189 877 2252 uocatis
900 2186 1024 2252 Abbate
1048 2192 1080 2252 et
1102 2186 1266 2250 Conuentu
1290 2183 1401 2248 Mona·

197 2294 287 2358 sterii
309 2293 344 2356 in
365 2293 586 2370 Bebenhusen,
610 2293 775 2376 Prepesito
796 2291 962 2356 Canonicis
996 2294 1029 2354 et
1051 2289 1229 2374 Capelianis
1252 2289 1401 2372 predictis

199 2421 236 2463 ac
261 2398 384 2463 dilectis
406 2399 481 2464 filiis
497 2399 630 2464 Rectene
652 2397 799 2462 Rectoric
820 2397 941 2481 prefate
963 2399 995 2459 et
1022 2394 1149 2460 Vicario
1171 2396 1254 2460 dicte
1275 2392 1402 2458 ecclesie

198 2502 230 2568 S.
248 2503 375 2588 Georgii
392 2505 424 2566 et
447 2503 610 2568 duodecim
631 2503 792 2587 perpetuis
808 2500 986 2586 Capellauis
1008 2500 1043 2564 in
1065 2499 1172 2566 eadem
1195 2521 1231 2564 ac
1253 2498 1325 2562 aliis
1347 2497 1402 2580 qui

198 2607 318 2672 fuerint
340 2609 502 2684 euocandi,
526 2610 565 2672 de
587 2608 748 2692 premissis
770 2607 917 2672 omnibus
939 2609 971 2670 et
993 2604 1129 2688 singulis
1151 2625 1187 2668 ac
1210 2623 1317 2668 eorum
1340 2602 1401 2664 cir·

198 2713 400 2778 cumstantiis
423 2714 581 2778 uniuersis
604 2713 791 2778 auctoritate
813 2713 977 2776 nostrate
1000 2709 1169 2794 diligenter
1184 2708 1345 2783 informes,
1369 2711 1402 2790 et

198 2817 225 2880 si
246 2839 302 2901 per
323 2818 586 2882 informationem
609 2817 790 2882 huiusmodi
813 2817 859 2880 ita
881 2836 947 2878 esse
970 2813 1138 2897 repereris,
1164 2812 1282 2876 dictam
1303 2811 1400 2876 eccle·

199 2921 279 2984 siam
303 2920 333 2986 S.
359 2921 490 2986 Martini
513 2945 584 2987 cnm
608 2921 805 3006 prepositura
826 2924 897 2984 octo
916 2917 1159 2983 Canonicatibus
1183 2922 1214 2982 et
1235 2916 1402 2999 prebendis

199 3029 231 3087 et
252 3025 373 3090 duabus
396 3026 540 3108 partibus
562 3027 823 3092 distributionum
846 3022 1027 3088 huiusmodi
1051 3023 1090 3086 ad
1114 3023 1215 3105 ipsam
1238 3020 1399 3086 ecelesiam

198 3129 231 3194 S.
254 3129 404 3216 Georgii,
430 3131 467 3194 de
492 3131 626 3196 Abbatis
656 3135 688 3194 et
710 3129 891 3194 Casuentus
914 3128 1100 3193 Monasterii
1131 3129 1165 3190 in
1188 3126 1398 3191 Bebenhusen

200 3233 379 3297 huiusmodi
404 3257 567 3315 consensu,
591 3237 762 3302 transferre
777 3236 894 3318 illaque
910 3235 994 3300 dicta
1008 3234 1124 3297 unione
1142 3233 1305 3308 dissoluta,
1329 3251 1401 3296 cum

204 3337 351 3422 insigniis
377 3338 499 3402 iuribus
522 3339 791 3404 iurisdictionibus
807 3338 1048 3422 preemineneiis
1070 3337 1271 3400 libertatibus
1297 3336 1402 3398 inmu-

200 3441 356 3506 nitatibus
379 3443 553 3510 honoribus
577 3449 608 3508 et
631 3444 808 3528 priuilegiis
831 3443 981 3527 predictis
998 3443 1030 3506 in
1047 3441 1259 3525 collegiatam,
1282 3443 1316 3504 et
1336 3439 1401 3504 dic-

200 3549 266 3610 tam
290 3547 434 3612 eclesiam
458 3549 645 3614 salamini
674 3570 745 3612 cum
776 3548 862 3612 illius
893 3546 1024 3611 edificiis
1053 3551 1086 3610 et
1108 3545 1253 3610 Claustra
1276 3547 1309 3610 in
1332 3545 1401 3612 Mo·

202 3651 376 3714 casterium
400 3652 477 3716 dicti
498 3653 619 3718 ordinis
642 3651 672 3718 S.
697 3651 870 3737 Augustini
902 3673 973 3716 curn
1004 3651 1190 3716 dormitorio
1213 3655 1245 3716 et
1267 3651 1402 3716 officinis

200 3755 359 3836 predictis,
383 3760 419 3820 ut
442 3757 608 3839 prefertur,
633 3759 752 3842 erigere
768 3757 928 3840 ipsiusque
943 3758 1085 3842 erigendi
1099 3757 1286 3822 Monasterii
1300 3757 1404 3822 Priori

199 3864 232 3923 et
243 3859 421 3926 Conuentni
442 3863 598 3946 reliquam
621 3868 745 3946 partem
760 3862 1021 3928 distributionum
1034 3862 1215 3928 huiusmodi
1229 3883 1287 3945 pro
1309 3861 1403 3926 anni-

199 3965 347 4028 uersariis
370 3965 403 4028 in
435 3966 519 4032 dicta
541 3969 669 4034 ecclesia
690 3967 721 4034 S.
746 3968 879 4033 Martini
909 3969 1111 4054 peragendis,
1143 3989 1266 4034 necnon
1287 3988 1404 4050 pascua

199 4089 328 4133 nemora
358 4074 389 4134 et
421 4070 650 4138 iurisdictiones
679 4073 779 4156 ipsius
811 4073 939 4138 ecclesie
968 4073 999 4138 S.
1031 4072 1162 4138 Martini
1194 4073 1227 4138 in
1257 4072 1403 4138 districtu

200 4173 277 4238 dicti
298 4174 385 4258 opidi
400 4174 615 4263 Sindelfingen
639 4179 808 4245 existentia
829 4180 987 4263 applicare
1010 4184 1041 4244 et
1063 4179 1125 4263 ipsi
1148 4180 1193 4244 sic
1215 4182 1317 4243 erecto
1332 4177 1402 4244 Mo·

200 4278 338 4342 austerio
369 4279 446 4343 duos
468 4279 677 4347 Canonicatus
700 4287 732 4347 et
759 4284 894 4347 totidem
917 4285 1090 4367 prebendas
1113 4283 1240 4348 ecclesie
1261 4282 1292 4348 S.
1317 4283 1403 4347 Mar·

198 4383 261 4446 tini
285 4387 317 4446 et
339 4384 445 4448 decern
462 4383 660 4470 Capellanias
683 4392 715 4452 et
737 4389 917 4453 Rectoriam
939 4389 1118 4454 huiusmodi
1133 4411 1205 4454 curn
1228 4389 1304 4453 dicti
1326 4387 1404 4452 iuris

198 4487 398 4570 plenitudine
420 4512 457 4554 ac
478 4493 626 4556 omnibus
642 4494 763 4557 iuribus
779 4498 811 4557 et
833 4494 1034 4578 pertinentiis
1050 4496 1115 4559 suis
1138 4498 1290 4580 perpetuo
1313 4493 1404 4558 unire

1155 4599 1166 4652 1
1180 4597 1194 4628 ὑ·
