3504 5322
622 468 738 523 saaca
752 469 817 523 nn
837 485 863 521 u.
878 468 953 522 isos.
1322 465 1385 530 367

190 628 295 693 audim
328 629 442 712 incipit
474 628 602 711 aliquod
634 627 819 693 exercitium
848 647 945 709 vsque
975 625 1008 688 in
1040 627 1154 702 finem,
1189 647 1287 708 quum
1310 625 1389 689 alias

190 734 276 796 iuxta
298 736 419 796 statuta
440 732 504 796 tale
526 731 710 795 exercitium
734 730 877 814 expirare
911 728 1011 793 debet.
1058 728 1194 812 Ideoque
1215 729 1319 813 placet
1340 728 1390 792 fa·

190 838 310 914 cultati,
334 841 369 900 vt
392 835 527 919 quilibet
550 833 686 900 Scolaris
717 835 815 919 ipsius
847 834 1059 918 incepcionem
1090 835 1217 919 signare
1247 855 1310 898 nou
1333 835 1391 898 ob·

188 943 297 1006 mittat
325 942 359 1005 in
390 941 502 1020 finem,
535 944 570 1004 vt
593 939 784 1025 Magistrum
813 943 1009 1004 exercentem
1042 939 1079 1002 de
1106 938 1288 1004 huiusmodi
1322 940 1390 1022 ipse

188 1047 361 1110 certificare
384 1045 487 1110 valeat
509 1067 603 1129 super
625 1045 793 1110 solucione.
839 1043 873 1109 Si
897 1045 967 1128 quis
990 1048 1095 1108 autem
1121 1043 1295 1109 Scolarium
1319 1043 1388 1108 Ma·

188 1151 289 1236 gistro
312 1151 384 1235 plus
407 1149 550 1227 dederit,
581 1171 677 1233 quam
701 1154 735 1213 vt
757 1149 971 1233 premittitur,
1005 1147 1214 1213 nihilominus
1246 1148 1390 1232 sequenti

188 1256 343 1341 Magistro
372 1257 461 1320 iuxta
492 1258 599 1319 ratum
629 1255 779 1338 temporis
811 1255 993 1319 satisfacere
1028 1258 1182 1318 teneatur.
1237 1253 1392 1338 Magister

187 1382 270 1436 vero,
294 1361 350 1443 qni
372 1360 444 1444 plus
466 1359 655 1438 inbursauit,
679 1381 774 1444 quam
789 1363 823 1422 vt
846 1359 1039 1436 dictumest,
1066 1357 1184 1426 Sceleri
1207 1359 1390 1442 peccuniam

187 1464 315 1529 reddere
339 1465 430 1528 debet
452 1468 483 1529 et
507 1464 639 1528 totidem
663 1463 809 1528 facultati
831 1464 863 1526 in
888 1485 1002 1547 penam
1025 1459 1146 1527 soluere
1169 1467 1322 1527 teneatur.

248 1549 255 1564 ’
275 1573 325 1633 70.
351 1568 499 1632 Preterea
526 1569 642 1632 statuit
664 1569 781 1633 artium
804 1568 955 1645 facultas,
990 1568 1073 1652 quod
1097 1569 1134 1632 de
1157 1573 1260 1632 cetero
1283 1567 1390 1632 nullus

187 1674 439 1739 inhabitancium
461 1673 589 1750 Bursas,
613 1673 825 1756 cuiuscunque
848 1675 950 1737 status
973 1677 1029 1736 aut
1044 1673 1237 1737 condicionis
1260 1673 1390 1750 existat,

187 1779 314 1844 urinam
345 1780 377 1842 in
409 1799 542 1842 cannam
565 1779 721 1862 lapideam
751 1779 817 1842 riae
848 1779 881 1842 in
914 1778 1081 1842 bursarum
1106 1779 1227 1842 curiam
1249 1780 1391 1863 proicere

186 1890 350 1969 presumat
380 1883 438 1947 sub
461 1884 657 1968 pensamus
680 1883 791 1958 solidi,
825 1882 1085 1948 irremissibiliter
1107 1883 1249 1947 soluendi
1272 1883 1391 1947 tociens

186 1989 339 2072 quociens
369 1987 464 2052 huius
494 1989 606 2052 statuti
638 1993 854 2073 transgressor
884 1988 1031 2052 inventus
1062 1989 1133 2053 fuit.
1179 1987 1392 2052 Conuentores

183 2115 261 2158 vero
292 2095 330 2158 ad
363 2094 550 2178 exigendum
582 2094 700 2158 dictam
730 2115 845 2179 penam
875 2092 1059 2177 aquolibet
1080 2097 1313 2177 transgressore
1334 2091 1393 2155 sub

184 2199 296 2263 debito
319 2219 448 2263 suorum
473 2199 650 2264 officiorum
673 2199 819 2262 astrictos
842 2197 911 2262 fore
933 2198 1016 2262 dicta
1037 2197 1172 2262 facultas
1195 2197 1363 2282 pretendit.

277 2308 328 2367 71.
353 2303 487 2388 Insuper
510 2305 594 2369 dicta
616 2303 751 2368 facultas
772 2304 894 2381 statuit,
918 2303 1000 2386 quod
1017 2303 1123 2366 nullus
1139 2301 1312 2366 Scolarium
1335 2321 1393 2384 pro

184 2409 295 2492 aliquo
317 2409 418 2494 gradu
440 2412 565 2494 tempus
588 2409 744 2492 compleat
767 2412 888 2473 extra
910 2407 1069 2472 Bursas
1099 2408 1237 2485 locatus,
1269 2406 1331 2470 nisi
1353 2405 1393 2469 ab

187 2513 398 2578 uniuersitate
422 2518 454 2577 et
476 2513 627 2578 facultate
650 2515 781 2578 obtenta
795 2514 936 2590 licencia,
961 2513 1024 2578 nisi
1040 2515 1083 2578 sit
1097 2512 1236 2577 famulus
1253 2512 1390 2577 doctoris

185 2623 244 2682 aut
267 2617 416 2702 Magistri
438 2621 500 2682 aut
517 2641 588 2683 cum
610 2618 796 2703 parentibus
819 2619 955 2682 steterit.

279 2727 330 2788 72.
355 2722 500 2808 Denique
523 2725 657 2790 facultas
681 2725 811 2802 statuit,
836 2725 919 2808 quod
942 2725 1049 2788 nullus
1071 2723 1140 2788 sine
1161 2723 1387 2788 Baccalaurens

185 2828 256 2892 sine
280 2825 417 2893 Scolaris
445 2829 606 2896 facultatis
638 2831 755 2896 artium
785 2831 817 2894 in
849 2852 985 2895 mensa
1007 2831 1088 2894 alius
1111 2829 1211 2894 Bursa
1233 2827 1389 2906 foueatur,

184 2933 251 2997 nisi
275 2933 317 2997 sit
341 2933 373 2997 in
390 2932 492 2998 Bursa
515 2936 646 3000 locatus.
691 2935 836 3000 Aliarum
853 2957 927 3000 vero
950 2935 1137 3000 facultatum
1152 2933 1296 3011 Scolaris,
1319 2932 1391 2996 ubi·

184 3058 311 3119 cunque
332 3038 454 3104 locatus
478 3040 593 3118 fuerit,
617 3042 650 3105 in
675 3042 742 3125 lupi
766 3047 799 3106 et
822 3042 955 3106 aliarum
978 3062 1132 3124 penarum
1154 3059 1390 3122 recompensam

184 3142 277 3206 omni
299 3145 486 3227 septimana,
511 3146 594 3210 vltra
616 3147 695 3211 alias
717 3167 871 3231 expensas
893 3146 1081 3210 necessarias
1104 3144 1137 3208 lI
1160 3145 1188 3207 d.
1212 3145 1325 3209 soluat.

277 3251 327 3312 73.
353 3247 486 3336 Insuper
506 3250 623 3315 statuit
646 3250 763 3314 artium
786 3250 941 3325 facultas,
974 3253 1009 3312 vt
1032 3249 1138 3313 nullus
1162 3247 1391 3334 Magistrorum

186 3352 247 3416 sub
271 3353 377 3417 debito
392 3355 519 3439 prestiti
536 3355 707 3420 iuramenti
723 3377 742 3419 a
757 3355 930 3420 scolaribus
948 3376 1005 3437 pru
1027 3353 1390 3439 resumpcionibus

189 3458 235 3522 eis
257 3458 351 3522 factis
373 3459 445 3543 plus
468 3460 604 3543 recipere
627 3460 750 3538 audeat,
775 3481 870 3542 quam
895 3460 932 3524 de
955 3458 1015 3523 hoc
1036 3463 1184 3523 caueatur
1206 3460 1238 3523 in
1262 3458 1391 3522 statutis

185 3563 246 3626 sub
269 3562 366 3626 titulo
389 3563 426 3626 de
449 3563 731 3647 resumpcionibus.

277 3669 327 3731 74.
352 3666 485 3750 Insuper
518 3668 632 3733 statuit
654 3669 772 3732 artium
794 3667 945 3746 facultas,
981 3669 1064 3751 quod
1086 3668 1125 3732 de
1148 3673 1250 3733 cetero
1273 3668 1389 3733 Bacca·

191 3771 353 3838 laureaudi
377 3771 480 3836 nullas
504 3795 656 3857 expensas
672 3773 788 3838 habere
804 3773 921 3838 debent
936 3774 1075 3838 ducendo
1091 3772 1231 3838 Scolares
1246 3773 1285 3837 ad
1309 3773 1390 3837 bal-

185 3899 306 3942 neum
339 3899 440 3962 neque
471 3879 779 3963 processiones
811 3880 878 3944 siue
908 3880 951 3943 sit
982 3902 1053 3944 cum
1082 3879 1331 3944 fistulacionibus
1360 3883 1392 3943 et

188 4003 260 4046 cam
277 3982 506 4048 fistulatoribus
518 3984 600 4066 [siue
618 3984 709 4067 nou],·
725 3983 783 4048 sub
797 4005 879 4068 pena
891 4005 955 4047 non
969 3983 1167 4049 admissionis
1179 4005 1236 4069 pro
1247 3984 1306 4048 hac
1316 3983 1391 4048 viee.

186 4157 241 4223 Dc
265 4158 418 4222 debito
442 4159 663 4223 bursarum
686 4158 896 4243 regimine
920 4158 966 4222 ab
989 4160 1221 4224 earuudum
1244 4157 1391 4222 Recto·

473 4263 589 4327 ribus
612 4263 804 4347 aliisque
827 4264 1105 4331 obseruando.

276 4409 329 4468 75.
352 4403 473 4468 Statuit
495 4403 613 4468 artium
637 4402 782 4480 facultas,
806 4407 841 4466 vt
862 4403 969 4466 nullus
986 4403 1212 4468 Baccalaurens
1235 4404 1303 4467 siue
1318 4401 1392 4468 Sco·

186 4505 264 4571 laris
286 4509 325 4572 ad
349 4508 490 4591 aliquam
508 4505 646 4573 Bursam
668 4513 848 4574 assumatur
869 4512 925 4572 aut
946 4509 1009 4573 iam
1034 4515 1215 4596 assumptus
1238 4510 1392 4589 foueatur,
