<?xml version="1.0" encoding="UTF-8"?>
<!DOCTYPE html PUBLIC "-//W3C//DTD XHTML 1.0 Transitional//EN"
    "http://www.w3.org/TR/xhtml1/DTD/xhtml1-transitional.dtd">
<html xmlns="http://www.w3.org/1999/xhtml" xml:lang="en" lang="en">
 <head>
  <title>
</title>
<meta http-equiv="Content-Type" content="text/html;charset=utf-8" />
  <meta name='ocr-system' content='tesseract 3.04.00' />
  <meta name='ocr-capabilities' content='ocr_page ocr_carea ocr_par ocr_line ocrx_word'/>
</head>
<body>
  <div class='ocr_page' id='page_1' title='image "./urkundenzurgesc00tbgoog_0423.png"; bbox 0 0 3504 5322; ppageno 0'>
   <div class='ocr_carea' id='block_1_1' title="bbox 718 495 1426 562">
    <p class='ocr_par' dir='ltr' id='par_1_1' title="bbox 718 495 1426 562">
     <span class='ocr_line' id='line_1_1' title="bbox 718 495 1426 562; baseline -0.003 -12"><span class='ocrx_word' id='word_1_1' title='bbox 718 495 834 550; x_wconf 70' lang='lat' dir='ltr'>statuta</span> <span class='ocrx_word' id='word_1_2' title='bbox 853 495 928 553; x_wconf 81' lang='lat'>1505.</span> <span class='ocrx_word' id='word_1_3' title='bbox 1363 496 1426 562; x_wconf 82' lang='lat'>409</span> 
     </span>
    </p>
   </div>
   <div class='ocr_carea' id='block_1_2' title="bbox 225 654 1429 847">
    <p class='ocr_par' dir='ltr' id='par_1_2' title="bbox 225 654 1429 847">
     <span class='ocr_line' id='line_1_2' title="bbox 227 654 1429 742; baseline 0 -21"><span class='ocrx_word' id='word_1_4' title='bbox 227 657 337 722; x_wconf 76' lang='lat' dir='ltr'>electio</span> <span class='ocrx_word' id='word_1_5' title='bbox 361 655 481 721; x_wconf 88' lang='lat' dir='ltr'>censeri</span> <span class='ocrx_word' id='word_1_6' title='bbox 504 655 617 720; x_wconf 90' lang='lat' dir='ltr'>sortita</span> <span class='ocrx_word' id='word_1_7' title='bbox 640 675 731 720; x_wconf 76' lang='lat' dir='ltr'>surim</span> <span class='ocrx_word' id='word_1_8' title='bbox 755 654 912 732; x_wconf 86' lang='lat' dir='ltr'>effectum,</span> <span class='ocrx_word' id='word_1_9' title='bbox 936 655 998 720; x_wconf 90' lang='lat' dir='ltr'>uisi</span> <span class='ocrx_word' id='word_1_10' title='bbox 1021 655 1140 722; x_wconf 88' lang='lat' dir='ltr'>electus</span> <span class='ocrx_word' id='word_1_11' title='bbox 1163 657 1252 742; x_wconf 88' lang='lat' dir='ltr'>prius</span> <span class='ocrx_word' id='word_1_12' title='bbox 1276 657 1429 722; x_wconf 87' lang='lat' dir='ltr'>iurauerit</span> 
     </span>
     <span class='ocr_line' id='line_1_3' title="bbox 225 760 1242 847; baseline 0.002 -23"><span class='ocrx_word' id='word_1_13' title='bbox 225 765 319 847; x_wconf 90' lang='lat' dir='ltr'>prout</span> <span class='ocrx_word' id='word_1_14' title='bbox 340 765 468 826; x_wconf 87' lang='lat' dir='ltr'>tenetur</span> <span class='ocrx_word' id='word_1_15' title='bbox 489 760 660 826; x_wconf 89' lang='lat' dir='ltr'>secundum</span> <span class='ocrx_word' id='word_1_16' title='bbox 682 760 917 825; x_wconf 80' lang='lat' dir='ltr'>ordinacionem</span> <span class='ocrx_word' id='word_1_17' title='bbox 941 781 1077 844; x_wconf 91' lang='lat' dir='ltr'>quorum</span> <span class='ocrx_word' id='word_1_18' title='bbox 1100 761 1242 828; x_wconf 90' lang='lat' dir='ltr'>interest.</span> 
     </span>
    </p>
   </div>
   <div class='ocr_carea' id='block_1_3' title="bbox 221 934 1426 1105">
    <p class='ocr_par' dir='ltr' id='par_1_3' title="bbox 221 934 1426 1105">
     <span class='ocr_line' id='line_1_4' title="bbox 221 934 1426 1024; baseline 0.002 -22"><span class='ocrx_word' id='word_1_19' title='bbox 221 936 458 1003; x_wconf 89' lang='lat' dir='ltr'>Promissio</span> <span class='ocrx_word' id='word_1_20' title='bbox 480 935 720 1002; x_wconf 85' lang='lat' dir='ltr'>bursalium</span> <span class='ocrx_word' id='word_1_21' title='bbox 751 934 1058 1020; x_wconf 82' lang='lat' dir='ltr'>magistrorum</span> <span class='ocrx_word' id='word_1_22' title='bbox 1081 937 1264 1002; x_wconf 87' lang='lat' dir='ltr'>aliorum</span> <span class='ocrx_word' id='word_1_23' title='bbox 1288 962 1307 1004; x_wconf 93' lang='lat' dir='ltr'>a</span> <span class='ocrx_word' id='word_1_24' title='bbox 1336 961 1426 1024; x_wconf 91' lang='lat' dir='ltr'>pre-</span> 
     </span>
     <span class='ocr_line' id='line_1_5' title="bbox 596 1038 1052 1105; baseline -0.002 0"><span class='ocrx_word' id='word_1_25' title='bbox 596 1039 735 1105; x_wconf 79' lang='lat' dir='ltr'>missis</span> <span class='ocrx_word' id='word_1_26' title='bbox 758 1038 1052 1104; x_wconf 80' lang='lat' dir='ltr'>officialibus.</span> 
     </span>
    </p>
   </div>
   <div class='ocr_carea' id='block_1_4' title="bbox 224 1181 1428 2003">
    <p class='ocr_par' dir='ltr' id='par_1_4' title="bbox 224 1181 1428 2003">
     <span class='ocr_line' id='line_1_6' title="bbox 315 1181 1426 1268; baseline 0.001 -20"><span class='ocrx_word' id='word_1_27' title='bbox 315 1183 490 1248; x_wconf 87' lang='lat' dir='ltr'>Statuimus</span> <span class='ocrx_word' id='word_1_28' title='bbox 513 1183 678 1259; x_wconf 67' lang='lat' dir='ltr'>simliter,</span> <span class='ocrx_word' id='word_1_29' title='bbox 710 1185 747 1245; x_wconf 87' lang='lat' dir='ltr'>ut</span> <span class='ocrx_word' id='word_1_30' title='bbox 768 1181 915 1265; x_wconf 79' lang='lat' dir='ltr'>magistri</span> <span class='ocrx_word' id='word_1_31' title='bbox 938 1181 1064 1245; x_wconf 89' lang='lat' dir='ltr'>bursam</span> <span class='ocrx_word' id='word_1_32' title='bbox 1086 1181 1327 1248; x_wconf 81' lang='lat' dir='ltr'>inhabItantes¹</span> <span class='ocrx_word' id='word_1_33' title='bbox 1352 1205 1426 1268; x_wconf 92' lang='lat' dir='ltr'>pro-</span> 
     </span>
     <span class='ocr_line' id='line_1_7' title="bbox 226 1287 1427 1372; baseline 0.001 -19"><span class='ocrx_word' id='word_1_34' title='bbox 226 1289 363 1353; x_wconf 76' lang='lat' dir='ltr'>mittant</span> <span class='ocrx_word' id='word_1_35' title='bbox 385 1289 467 1354; x_wconf 87' lang='lat' dir='ltr'>bonu</span> <span class='ocrx_word' id='word_1_36' title='bbox 490 1288 567 1352; x_wconf 87' lang='lat' dir='ltr'>lide:</span> <span class='ocrx_word' id='word_1_37' title='bbox 597 1287 681 1371; x_wconf 90' lang='lat' dir='ltr'>quod</span> <span class='ocrx_word' id='word_1_38' title='bbox 703 1287 838 1351; x_wconf 89' lang='lat' dir='ltr'>fideliter</span> <span class='ocrx_word' id='word_1_39' title='bbox 861 1309 919 1370; x_wconf 87' lang='lat' dir='ltr'>pro</span> <span class='ocrx_word' id='word_1_40' title='bbox 942 1291 1115 1372; x_wconf 86' lang='lat' dir='ltr'>augmento</span> <span class='ocrx_word' id='word_1_41' title='bbox 1138 1289 1311 1354; x_wconf 89' lang='lat' dir='ltr'>ethonore</span> <span class='ocrx_word' id='word_1_42' title='bbox 1335 1289 1427 1354; x_wconf 89' lang='lat' dir='ltr'>burso</span> 
     </span>
     <span class='ocr_line' id='line_1_8' title="bbox 226 1391 1425 1481; baseline -0.003 -22"><span class='ocrx_word' id='word_1_43' title='bbox 226 1417 320 1481; x_wconf 86' lang='lat' dir='ltr'>agere</span> <span class='ocrx_word' id='word_1_44' title='bbox 343 1395 452 1471; x_wconf 84' lang='lat' dir='ltr'>velint,</span> <span class='ocrx_word' id='word_1_45' title='bbox 476 1393 602 1459; x_wconf 88' lang='lat' dir='ltr'>Rectori</span> <span class='ocrx_word' id='word_1_46' title='bbox 626 1393 718 1458; x_wconf 92' lang='lat' dir='ltr'>burse</span> <span class='ocrx_word' id='word_1_47' title='bbox 741 1413 777 1457; x_wconf 91' lang='lat' dir='ltr'>ac</span> <span class='ocrx_word' id='word_1_48' title='bbox 799 1392 1044 1457; x_wconf 86' lang='lat' dir='ltr'>conuentoribus</span> <span class='ocrx_word' id='word_1_49' title='bbox 1061 1391 1208 1456; x_wconf 91' lang='lat' dir='ltr'>inlicitis</span> <span class='ocrx_word' id='word_1_50' title='bbox 1232 1398 1263 1457; x_wconf 93' lang='lat' dir='ltr'>et</span> <span class='ocrx_word' id='word_1_51' title='bbox 1285 1394 1425 1458; x_wconf 83' lang='lat' dir='ltr'>honestis</span> 
     </span>
     <span class='ocr_line' id='line_1_9' title="bbox 227 1495 1426 1584; baseline -0.003 -20"><span class='ocrx_word' id='word_1_52' title='bbox 227 1500 369 1584; x_wconf 81' lang='lat' dir='ltr'>regimen</span> <span class='ocrx_word' id='word_1_53' title='bbox 393 1504 425 1564; x_wconf 89' lang='lat' dir='ltr'>et</span> <span class='ocrx_word' id='word_1_54' title='bbox 447 1501 565 1563; x_wconf 78' lang='lat' dir='ltr'>statum</span> <span class='ocrx_word' id='word_1_55' title='bbox 589 1498 706 1563; x_wconf 89' lang='lat' dir='ltr'>bonum</span> <span class='ocrx_word' id='word_1_56' title='bbox 729 1496 823 1562; x_wconf 84' lang='lat' dir='ltr'>burso</span> <span class='ocrx_word' id='word_1_57' title='bbox 845 1495 1108 1560; x_wconf 87' lang='lat' dir='ltr'>concernentibus</span> <span class='ocrx_word' id='word_1_58' title='bbox 1131 1495 1266 1560; x_wconf 91' lang='lat' dir='ltr'>obedire.</span> <span class='ocrx_word' id='word_1_59' title='bbox 1312 1495 1426 1561; x_wconf 86' lang='lat' dir='ltr'>Nullas</span> 
     </span>
     <span class='ocr_line' id='line_1_10' title="bbox 224 1600 1428 1690; baseline -0.004 -21"><span class='ocrx_word' id='word_1_60' title='bbox 224 1605 581 1690; x_wconf 81' lang='lat' dir='ltr'>conspirationes</span> <span class='ocrx_word' id='word_1_61' title='bbox 611 1608 666 1668; x_wconf 88' lang='lat' dir='ltr'>ant</span> <span class='ocrx_word' id='word_1_62' title='bbox 697 1603 809 1688; x_wconf 86' lang='lat' dir='ltr'>ligus</span> <span class='ocrx_word' id='word_1_63' title='bbox 839 1603 940 1666; x_wconf 88' lang='lat' dir='ltr'>facere</span> <span class='ocrx_word' id='word_1_64' title='bbox 972 1602 1004 1664; x_wconf 88' lang='lat' dir='ltr'>iu</span> <span class='ocrx_word' id='word_1_65' title='bbox 1029 1600 1234 1685; x_wconf 89' lang='lat' dir='ltr'>preiudicium</span> <span class='ocrx_word' id='word_1_66' title='bbox 1258 1601 1350 1665; x_wconf 89' lang='lat' dir='ltr'>burse</span> <span class='ocrx_word' id='word_1_67' title='bbox 1372 1604 1428 1664; x_wconf 89' lang='lat' dir='ltr'>aut</span> 
     </span>
     <span class='ocr_line' id='line_1_11' title="bbox 228 1703 1428 1790; baseline -0.003 -17"><span class='ocrx_word' id='word_1_68' title='bbox 228 1709 375 1775; x_wconf 87' lang='lat' dir='ltr'>Rectoris</span> <span class='ocrx_word' id='word_1_69' title='bbox 397 1709 535 1773; x_wconf 89' lang='lat' dir='ltr'>eiusdem</span> <span class='ocrx_word' id='word_1_70' title='bbox 558 1711 613 1772; x_wconf 89' lang='lat' dir='ltr'>ant</span> <span class='ocrx_word' id='word_1_71' title='bbox 631 1705 841 1771; x_wconf 87' lang='lat' dir='ltr'>conuentcris.</span> <span class='ocrx_word' id='word_1_72' title='bbox 887 1703 1000 1788; x_wconf 88' lang='lat' dir='ltr'>Neque</span> <span class='ocrx_word' id='word_1_73' title='bbox 1014 1705 1064 1768; x_wconf 89' lang='lat' dir='ltr'>his</span> <span class='ocrx_word' id='word_1_74' title='bbox 1079 1704 1185 1769; x_wconf 89' lang='lat' dir='ltr'>forsan</span> <span class='ocrx_word' id='word_1_75' title='bbox 1202 1705 1428 1790; x_wconf 83' lang='lat' dir='ltr'>attemptandis</span> 
     </span>
     <span class='ocr_line' id='line_1_12' title="bbox 227 1809 1427 1894; baseline -0.003 -16"><span class='ocrx_word' id='word_1_76' title='bbox 227 1814 396 1890; x_wconf 72' lang='lat' dir='ltr'>interesse,</span> <span class='ocrx_word' id='word_1_77' title='bbox 419 1813 559 1879; x_wconf 83' lang='lat' dir='ltr'>Scolares</span> <span class='ocrx_word' id='word_1_78' title='bbox 582 1811 716 1894; x_wconf 87' lang='lat' dir='ltr'>denique</span> <span class='ocrx_word' id='word_1_79' title='bbox 738 1813 849 1873; x_wconf 86' lang='lat' dir='ltr'>contra</span> <span class='ocrx_word' id='word_1_80' title='bbox 871 1809 1087 1873; x_wconf 79' lang='lat' dir='ltr'>vniuersisacis</span> <span class='ocrx_word' id='word_1_81' title='bbox 1110 1813 1166 1873; x_wconf 92' lang='lat' dir='ltr'>aut</span> <span class='ocrx_word' id='word_1_82' title='bbox 1188 1809 1349 1875; x_wconf 78' lang='lat' dir='ltr'>facultatis</span> <span class='ocrx_word' id='word_1_83' title='bbox 1372 1832 1427 1874; x_wconf 87' lang='lat' dir='ltr'>seu</span> 
     </span>
     <span class='ocr_line' id='line_1_13' title="bbox 226 1914 1403 2003; baseline -0.003 -20"><span class='ocrx_word' id='word_1_84' title='bbox 226 1919 322 1983; x_wconf 87' lang='lat' dir='ltr'>etiam</span> <span class='ocrx_word' id='word_1_85' title='bbox 345 1920 479 1984; x_wconf 88' lang='lat' dir='ltr'>aliorum</span> <span class='ocrx_word' id='word_1_86' title='bbox 502 1940 635 2003; x_wconf 89' lang='lat' dir='ltr'>qnorum</span> <span class='ocrx_word' id='word_1_87' title='bbox 658 1917 791 1980; x_wconf 90' lang='lat' dir='ltr'>interest</span> <span class='ocrx_word' id='word_1_88' title='bbox 813 1915 1030 1981; x_wconf 88' lang='lat' dir='ltr'>ordinaciones</span> <span class='ocrx_word' id='word_1_89' title='bbox 1052 1915 1184 1980; x_wconf 89' lang='lat' dir='ltr'>minime</span> <span class='ocrx_word' id='word_1_90' title='bbox 1206 1915 1371 1982; x_wconf 88' lang='lat' dir='ltr'>defendere</span> <span class='ocrx_word' id='word_1_91' title='bbox 1382 1914 1403 1980; x_wconf 78' lang='lat'>².</span> 
     </span>
    </p>
   </div>
   <div class='ocr_carea' id='block_1_5' title="bbox 494 2090 1157 2177">
    <p class='ocr_par' dir='ltr' id='par_1_5' title="bbox 494 2090 1157 2177">
     <span class='ocr_line' id='line_1_14' title="bbox 494 2090 1157 2177; baseline -0.003 -21"><span class='ocrx_word' id='word_1_92' title='bbox 494 2091 552 2156; x_wconf 90' lang='lat' dir='ltr'>De</span> <span class='ocrx_word' id='word_1_93' title='bbox 575 2113 651 2156; x_wconf 94' lang='lat' dir='ltr'>non</span> <span class='ocrx_word' id='word_1_94' title='bbox 674 2092 877 2157; x_wconf 87' lang='lat' dir='ltr'>fouendis</span> <span class='ocrx_word' id='word_1_95' title='bbox 900 2090 1157 2177; x_wconf 85' lang='lat' dir='ltr'>hospitibus.</span> 
     </span>
    </p>
   </div>
   <div class='ocr_carea' id='block_1_6' title="bbox 224 2228 1428 2947">
    <p class='ocr_par' dir='ltr' id='par_1_6' title="bbox 224 2228 1428 2947">
     <span class='ocr_line' id='line_1_15' title="bbox 314 2228 1426 2313; baseline -0.001 -19"><span class='ocrx_word' id='word_1_96' title='bbox 314 2228 366 2294; x_wconf 83' lang='lat' dir='ltr'>Ad</span> <span class='ocrx_word' id='word_1_97' title='bbox 389 2230 620 2313; x_wconf 87' lang='lat' dir='ltr'>precaueudum</span> <span class='ocrx_word' id='word_1_98' title='bbox 651 2251 802 2313; x_wconf 85' lang='lat' dir='ltr'>expensas</span> <span class='ocrx_word' id='word_1_99' title='bbox 833 2229 960 2294; x_wconf 87' lang='lat' dir='ltr'>illicitas</span> <span class='ocrx_word' id='word_1_100' title='bbox 990 2228 1023 2293; x_wconf 91' lang='lat' dir='ltr'>in</span> <span class='ocrx_word' id='word_1_101' title='bbox 1048 2229 1225 2295; x_wconf 89' lang='lat' dir='ltr'>bursalibus</span> <span class='ocrx_word' id='word_1_102' title='bbox 1248 2230 1426 2308; x_wconf 62' lang='lat' dir='ltr'>statuimus</span> 
     </span>
     <span class='ocr_line' id='line_1_16' title="bbox 227 2333 1425 2420; baseline 0 -22"><span class='ocrx_word' id='word_1_103' title='bbox 227 2339 263 2399; x_wconf 91' lang='lat' dir='ltr'>ut</span> <span class='ocrx_word' id='word_1_104' title='bbox 285 2335 434 2401; x_wconf 83' lang='lat' dir='ltr'>Rectores</span> <span class='ocrx_word' id='word_1_105' title='bbox 464 2337 630 2401; x_wconf 89' lang='lat' dir='ltr'>bursarum</span> <span class='ocrx_word' id='word_1_106' title='bbox 662 2337 814 2400; x_wconf 87' lang='lat' dir='ltr'>mandent</span> <span class='ocrx_word' id='word_1_107' title='bbox 846 2336 1103 2420; x_wconf 86' lang='lat' dir='ltr'>procuratoribus</span> <span class='ocrx_word' id='word_1_108' title='bbox 1134 2336 1215 2412; x_wconf 83' lang='lat' dir='ltr'>auis,</span> <span class='ocrx_word' id='word_1_109' title='bbox 1247 2333 1298 2400; x_wconf 89' lang='lat' dir='ltr'>Ne</span> <span class='ocrx_word' id='word_1_110' title='bbox 1321 2335 1425 2398; x_wconf 92' lang='lat' dir='ltr'>cibum</span> 
     </span>
     <span class='ocr_line' id='line_1_17' title="bbox 224 2439 1426 2525; baseline -0.002 -21"><span class='ocrx_word' id='word_1_111' title='bbox 224 2440 274 2504; x_wconf 86' lang='lat' dir='ltr'>vel</span> <span class='ocrx_word' id='word_1_112' title='bbox 296 2446 406 2525; x_wconf 91' lang='lat' dir='ltr'>potum</span> <span class='ocrx_word' id='word_1_113' title='bbox 430 2443 613 2506; x_wconf 87' lang='lat' dir='ltr'>ministrent</span> <span class='ocrx_word' id='word_1_114' title='bbox 635 2441 814 2525; x_wconf 87' lang='lat' dir='ltr'>hospitibus</span> <span class='ocrx_word' id='word_1_115' title='bbox 830 2440 1017 2515; x_wconf 79' lang='lat' dir='ltr'>barachum,</span> <span class='ocrx_word' id='word_1_116' title='bbox 1040 2439 1179 2504; x_wconf 90' lang='lat' dir='ltr'>etiamsi</span> <span class='ocrx_word' id='word_1_117' title='bbox 1196 2439 1317 2504; x_wconf 87' lang='lat' dir='ltr'>illosiu</span> <span class='ocrx_word' id='word_1_118' title='bbox 1341 2461 1426 2503; x_wconf 93' lang='lat' dir='ltr'>com·</span> 
     </span>
     <span class='ocr_line' id='line_1_18' title="bbox 225 2543 1428 2629; baseline -0.001 -20"><span class='ocrx_word' id='word_1_119' title='bbox 225 2545 381 2609; x_wconf 81' lang='lat' dir='ltr'>mucltate</span> <span class='ocrx_word' id='word_1_120' title='bbox 410 2546 536 2610; x_wconf 87' lang='lat' dir='ltr'>reficere</span> <span class='ocrx_word' id='word_1_121' title='bbox 563 2547 696 2626; x_wconf 83' lang='lat' dir='ltr'>vellent,</span> <span class='ocrx_word' id='word_1_122' title='bbox 727 2546 785 2610; x_wconf 90' lang='lat' dir='ltr'>sub</span> <span class='ocrx_word' id='word_1_123' title='bbox 809 2568 891 2629; x_wconf 88' lang='lat' dir='ltr'>pena</span> <span class='ocrx_word' id='word_1_124' title='bbox 913 2545 1006 2611; x_wconf 85' lang='lat' dir='ltr'>unius</span> <span class='ocrx_word' id='word_1_125' title='bbox 1029 2545 1122 2610; x_wconf 88' lang='lat' dir='ltr'>solidi</span> <span class='ocrx_word' id='word_1_126' title='bbox 1145 2545 1196 2621; x_wconf 85' lang='lat' dir='ltr'>h.‚</span> <span class='ocrx_word' id='word_1_127' title='bbox 1232 2545 1294 2608; x_wconf 90' lang='lat' dir='ltr'>nisi</span> <span class='ocrx_word' id='word_1_128' title='bbox 1317 2543 1428 2608; x_wconf 88' lang='lat' dir='ltr'>habita</span> 
     </span>
     <span class='ocr_line' id='line_1_19' title="bbox 224 2635 1427 2735; baseline -0.002 -21"><span class='ocrx_word' id='word_1_129' title='bbox 224 2649 353 2715; x_wconf 88' lang='lat' dir='ltr'>licentia</span> <span class='ocrx_word' id='word_1_130' title='bbox 382 2673 401 2716; x_wconf 88' lang='lat' dir='ltr'>a</span> <span class='ocrx_word' id='word_1_131' title='bbox 425 2651 558 2717; x_wconf 85' lang='lat' dir='ltr'>Rectore</span> <span class='ocrx_word' id='word_1_132' title='bbox 581 2652 690 2730; x_wconf 81' lang='lat' dir='ltr'>barse,</span> <span class='ocrx_word' id='word_1_133' title='bbox 721 2651 775 2735; x_wconf 89' lang='lat' dir='ltr'>qui</span> <span class='ocrx_word' id='word_1_134' title='bbox 799 2651 895 2715; x_wconf 85' lang='lat' dir='ltr'>etiam</span> <span class='ocrx_word' id='word_1_135' title='bbox 925 2672 989 2715; x_wconf 88' lang='lat' dir='ltr'>non</span> <span class='ocrx_word' id='word_1_136' title='bbox 1013 2650 1105 2714; x_wconf 88' lang='lat' dir='ltr'>debet</span> <span class='ocrx_word' id='word_1_137' title='bbox 1126 2635 1243 2734; x_wconf 86' lang='lat' dir='ltr'>passim</span> <span class='ocrx_word' id='word_1_138' title='bbox 1268 2648 1427 2712; x_wconf 89' lang='lat' dir='ltr'>licentiam</span> 
     </span>
     <span class='ocr_line' id='line_1_20' title="bbox 226 2756 1426 2841; baseline -0.002 -21"><span class='ocrx_word' id='word_1_139' title='bbox 226 2756 401 2834; x_wconf 80' lang='lat' dir='ltr'>concedere,</span> <span class='ocrx_word' id='word_1_140' title='bbox 426 2757 487 2821; x_wconf 91' lang='lat' dir='ltr'>uisi</span> <span class='ocrx_word' id='word_1_141' title='bbox 509 2757 558 2820; x_wconf 90' lang='lat' dir='ltr'>illi</span> <span class='ocrx_word' id='word_1_142' title='bbox 581 2761 685 2821; x_wconf 89' lang='lat' dir='ltr'>essent</span> <span class='ocrx_word' id='word_1_143' title='bbox 701 2756 926 2841; x_wconf 79' lang='lat' dir='ltr'>consanguinei</span> <span class='ocrx_word' id='word_1_144' title='bbox 943 2756 992 2820; x_wconf 87' lang='lat' dir='ltr'>vel</span> <span class='ocrx_word' id='word_1_145' title='bbox 1015 2756 1135 2835; x_wconf 84' lang='lat' dir='ltr'>affines,</span> <span class='ocrx_word' id='word_1_146' title='bbox 1158 2777 1251 2840; x_wconf 91' lang='lat' dir='ltr'>snper</span> <span class='ocrx_word' id='word_1_147' title='bbox 1274 2777 1336 2839; x_wconf 92' lang='lat' dir='ltr'>quo</span> <span class='ocrx_word' id='word_1_148' title='bbox 1359 2777 1426 2818; x_wconf 90' lang='lat' dir='ltr'>ma·</span> 
     </span>
     <span class='ocr_line' id='line_1_21' title="bbox 229 2863 663 2947; baseline 0.005 -22"><span class='ocrx_word' id='word_1_149' title='bbox 229 2867 301 2926; x_wconf 87' lang='lat' dir='ltr'>ture</span> <span class='ocrx_word' id='word_1_150' title='bbox 324 2863 488 2927; x_wconf 86' lang='lat' dir='ltr'>veritatem</span> <span class='ocrx_word' id='word_1_151' title='bbox 512 2863 663 2947; x_wconf 88' lang='lat' dir='ltr'>inquirat.</span> 
     </span>
    </p>
   </div>
   <div class='ocr_carea' id='block_1_7' title="bbox 320 3035 1286 3102">
    <p class='ocr_par' dir='ltr' id='par_1_7' title="bbox 320 3035 1286 3102">
     <span class='ocr_line' id='line_1_22' title="bbox 320 3035 1286 3102; baseline -0.004 0"><span class='ocrx_word' id='word_1_152' title='bbox 320 3061 325 3074; x_wconf 78' lang='grc'><em>·</em></span> <span class='ocrx_word' id='word_1_153' title='bbox 366 3036 421 3102; x_wconf 89' lang='lat' dir='ltr'>Dc</span> <span class='ocrx_word' id='word_1_154' title='bbox 443 3038 577 3102; x_wconf 85' lang='lat' dir='ltr'>bursae</span> <span class='ocrx_word' id='word_1_155' title='bbox 600 3038 793 3102; x_wconf 91' lang='lat' dir='ltr'>clausura</span> <span class='ocrx_word' id='word_1_156' title='bbox 815 3040 856 3100; x_wconf 91' lang='lat' dir='ltr'>et</span> <span class='ocrx_word' id='word_1_157' title='bbox 878 3036 1058 3100; x_wconf 89' lang='lat' dir='ltr'>clauium</span> <span class='ocrx_word' id='word_1_158' title='bbox 1082 3035 1286 3101; x_wconf 87' lang='lat' dir='ltr'>custodia.</span> 
     </span>
    </p>
   </div>
   <div class='ocr_carea' id='block_1_8' title="bbox 224 3176 1429 4101">
    <p class='ocr_par' dir='ltr' id='par_1_8' title="bbox 224 3176 1429 3472">
     <span class='ocr_line' id='line_1_23' title="bbox 317 3176 1429 3260; baseline -0.001 -20"><span class='ocrx_word' id='word_1_159' title='bbox 317 3176 398 3241; x_wconf 87' lang='lat' dir='ltr'>Item</span> <span class='ocrx_word' id='word_1_160' title='bbox 423 3176 538 3242; x_wconf 82' lang='lat' dir='ltr'>Rector</span> <span class='ocrx_word' id='word_1_161' title='bbox 562 3178 665 3254; x_wconf 79' lang='lat' dir='ltr'>burse,</span> <span class='ocrx_word' id='word_1_162' title='bbox 688 3176 738 3242; x_wconf 89' lang='lat' dir='ltr'>vel</span> <span class='ocrx_word' id='word_1_163' title='bbox 761 3177 827 3241; x_wconf 90' lang='lat' dir='ltr'>eius</span> <span class='ocrx_word' id='word_1_164' title='bbox 843 3176 926 3240; x_wconf 83' lang='lat' dir='ltr'>vices</span> <span class='ocrx_word' id='word_1_165' title='bbox 940 3181 1095 3260; x_wconf 67' lang='lat' dir='ltr'>gerentes</span> <span class='ocrx_word' id='word_1_166' title='bbox 1118 3176 1214 3240; x_wconf 85' lang='lat' dir='ltr'>faciat</span> <span class='ocrx_word' id='word_1_167' title='bbox 1231 3176 1332 3241; x_wconf 75' lang='lat' dir='ltr'>clarmi</span> <span class='ocrx_word' id='word_1_168' title='bbox 1351 3176 1429 3240; x_wconf 93' lang='lat' dir='ltr'>bur·</span> 
     </span>
     <span class='ocr_line' id='line_1_24' title="bbox 227 3280 1428 3368; baseline -0.004 -21"><span class='ocrx_word' id='word_1_169' title='bbox 227 3305 294 3347; x_wconf 89' lang='lat' dir='ltr'>sam</span> <span class='ocrx_word' id='word_1_170' title='bbox 318 3307 391 3348; x_wconf 85' lang='lat' dir='ltr'>mox</span> <span class='ocrx_word' id='word_1_171' title='bbox 413 3288 485 3367; x_wconf 89' lang='lat' dir='ltr'>post</span> <span class='ocrx_word' id='word_1_172' title='bbox 508 3305 692 3368; x_wconf 85' lang='lat' dir='ltr'>campanum</span> <span class='ocrx_word' id='word_1_173' title='bbox 723 3282 787 3346; x_wconf 85' lang='lat' dir='ltr'>dle</span> <span class='ocrx_word' id='word_1_174' title='bbox 816 3280 1079 3366; x_wconf 82' lang='lat' dir='ltr'>wachtglock</span> <span class='ocrx_word' id='word_1_175' title='bbox 1113 3281 1208 3366; x_wconf 85' lang='lat' dir='ltr'>vulgo</span> <span class='ocrx_word' id='word_1_176' title='bbox 1230 3281 1428 3345; x_wconf 80' lang='lat' dir='ltr'>nominatam</span> 
     </span>
     <span class='ocr_line' id='line_1_25' title="bbox 224 3388 523 3472; baseline -0.007 -20"><span class='ocrx_word' id='word_1_177' title='bbox 224 3410 280 3472; x_wconf 90' lang='lat' dir='ltr'>per</span> <span class='ocrx_word' id='word_1_178' title='bbox 299 3388 523 3472; x_wconf 89' lang='lat' dir='ltr'>juramentum.</span> 
     </span>
    </p>

    <p class='ocr_par' dir='ltr' id='par_1_9' title="bbox 225 3490 1427 4101">
     <span class='ocr_line' id='line_1_26' title="bbox 314 3490 1427 3576; baseline -0.002 -20"><span class='ocrx_word' id='word_1_179' title='bbox 314 3491 396 3556; x_wconf 86' lang='lat' dir='ltr'>Item</span> <span class='ocrx_word' id='word_1_180' title='bbox 418 3493 510 3558; x_wconf 82' lang='lat' dir='ltr'>Solus</span> <span class='ocrx_word' id='word_1_181' title='bbox 532 3493 648 3558; x_wconf 89' lang='lat' dir='ltr'>Rector</span> <span class='ocrx_word' id='word_1_182' title='bbox 677 3492 771 3556; x_wconf 83' lang='lat' dir='ltr'>burae</span> <span class='ocrx_word' id='word_1_183' title='bbox 804 3492 867 3575; x_wconf 87' lang='lat' dir='ltr'>(vel</span> <span class='ocrx_word' id='word_1_184' title='bbox 899 3492 965 3556; x_wconf 87' lang='lat' dir='ltr'>eius</span> <span class='ocrx_word' id='word_1_185' title='bbox 996 3490 1079 3554; x_wconf 84' lang='lat' dir='ltr'>vices</span> <span class='ocrx_word' id='word_1_186' title='bbox 1101 3511 1213 3576; x_wconf 82' lang='lat' dir='ltr'>gerens</span> <span class='ocrx_word' id='word_1_187' title='bbox 1236 3491 1269 3554; x_wconf 92' lang='lat' dir='ltr'>in</span> <span class='ocrx_word' id='word_1_188' title='bbox 1293 3513 1349 3554; x_wconf 87' lang='lat' dir='ltr'>sua</span> <span class='ocrx_word' id='word_1_189' title='bbox 1371 3490 1427 3554; x_wconf 88' lang='lat' dir='ltr'>ab·</span> 
     </span>
     <span class='ocr_line' id='line_1_27' title="bbox 225 3594 1425 3682; baseline -0.004 -19"><span class='ocrx_word' id='word_1_190' title='bbox 225 3599 339 3678; x_wconf 90' lang='lat' dir='ltr'>sentia)</span> <span class='ocrx_word' id='word_1_191' title='bbox 363 3599 446 3682; x_wconf 85' lang='lat' dir='ltr'>apud</span> <span class='ocrx_word' id='word_1_192' title='bbox 469 3620 501 3662; x_wconf 91' lang='lat' dir='ltr'>se</span> <span class='ocrx_word' id='word_1_193' title='bbox 524 3598 639 3664; x_wconf 91' lang='lat' dir='ltr'>habeat</span> <span class='ocrx_word' id='word_1_194' title='bbox 662 3598 756 3662; x_wconf 89' lang='lat' dir='ltr'>burse</span> <span class='ocrx_word' id='word_1_195' title='bbox 778 3597 924 3661; x_wconf 88' lang='lat' dir='ltr'>claues</span> <span class='ocrx_word' id='word_1_196' title='bbox 955 3597 990 3660; x_wconf 92' lang='lat' dir='ltr'>in</span> <span class='ocrx_word' id='word_1_197' title='bbox 1013 3596 1097 3660; x_wconf 91' lang='lat' dir='ltr'>bona</span> <span class='ocrx_word' id='word_1_198' title='bbox 1119 3594 1261 3660; x_wconf 84' lang='lat' dir='ltr'>custodia</span> <span class='ocrx_word' id='word_1_199' title='bbox 1285 3599 1317 3659; x_wconf 91' lang='lat' dir='ltr'>et</span> <span class='ocrx_word' id='word_1_200' title='bbox 1340 3595 1425 3659; x_wconf 89' lang='lat' dir='ltr'>clau-</span> 
     </span>
     <span class='ocr_line' id='line_1_28' title="bbox 225 3701 1426 3786; baseline -0.002 -20"><span class='ocrx_word' id='word_1_201' title='bbox 225 3725 315 3781; x_wconf 81' lang='lat' dir='ltr'>sura,</span> <span class='ocrx_word' id='word_1_202' title='bbox 348 3702 395 3766; x_wconf 89' lang='lat' dir='ltr'>ita</span> <span class='ocrx_word' id='word_1_203' title='bbox 426 3706 462 3766; x_wconf 92' lang='lat' dir='ltr'>ut</span> <span class='ocrx_word' id='word_1_204' title='bbox 491 3704 597 3768; x_wconf 89' lang='lat' dir='ltr'>nullus</span> <span class='ocrx_word' id='word_1_205' title='bbox 620 3703 701 3768; x_wconf 88' lang='lat' dir='ltr'>alius</span> <span class='ocrx_word' id='word_1_206' title='bbox 725 3704 843 3786; x_wconf 85' lang='lat' dir='ltr'>absque</span> <span class='ocrx_word' id='word_1_207' title='bbox 872 3703 938 3768; x_wconf 89' lang='lat' dir='ltr'>eius</span> <span class='ocrx_word' id='word_1_208' title='bbox 963 3723 1116 3767; x_wconf 87' lang='lat' dir='ltr'>consensu</span> <span class='ocrx_word' id='word_1_209' title='bbox 1149 3701 1213 3765; x_wconf 87' lang='lat' dir='ltr'>illis</span> <span class='ocrx_word' id='word_1_210' title='bbox 1243 3701 1291 3764; x_wconf 87' lang='lat' dir='ltr'>uti</span> <span class='ocrx_word' id='word_1_211' title='bbox 1314 3701 1426 3778; x_wconf 82' lang='lat' dir='ltr'>ualeat,</span> 
     </span>
     <span class='ocr_line' id='line_1_29' title="bbox 225 3803 1427 3894; baseline -0.003 -22"><span class='ocrx_word' id='word_1_212' title='bbox 225 3809 284 3872; x_wconf 90' lang='lat' dir='ltr'>sub</span> <span class='ocrx_word' id='word_1_213' title='bbox 307 3831 390 3893; x_wconf 89' lang='lat' dir='ltr'>pena</span> <span class='ocrx_word' id='word_1_214' title='bbox 412 3813 522 3893; x_wconf 79' lang='lat' dir='ltr'>quarte</span> <span class='ocrx_word' id='word_1_215' title='bbox 553 3810 654 3894; x_wconf 87' lang='lat' dir='ltr'>partis</span> <span class='ocrx_word' id='word_1_216' title='bbox 683 3809 794 3874; x_wconf 90' lang='lat' dir='ltr'>floreni</span> <span class='ocrx_word' id='word_1_217' title='bbox 829 3809 949 3873; x_wconf 83' lang='lat' dir='ltr'>tociens</span> <span class='ocrx_word' id='word_1_218' title='bbox 980 3808 1126 3891; x_wconf 78' lang='lat' dir='ltr'>quociens</span> <span class='ocrx_word' id='word_1_219' title='bbox 1149 3805 1299 3870; x_wconf 90' lang='lat' dir='ltr'>omiserit.</span> <span class='ocrx_word' id='word_1_220' title='bbox 1346 3803 1427 3870; x_wconf 88' lang='lat' dir='ltr'>Item</span> 
     </span>
     <span class='ocr_line' id='line_1_30' title="bbox 228 3911 1427 3997; baseline -0.003 -20"><span class='ocrx_word' id='word_1_221' title='bbox 228 3936 291 3978; x_wconf 91' lang='lat' dir='ltr'>non</span> <span class='ocrx_word' id='word_1_222' title='bbox 315 3913 430 3980; x_wconf 87' lang='lat' dir='ltr'>habeat</span> <span class='ocrx_word' id='word_1_223' title='bbox 452 3918 554 3979; x_wconf 88' lang='lat' dir='ltr'>rector</span> <span class='ocrx_word' id='word_1_224' title='bbox 577 3914 671 3978; x_wconf 84' lang='lat' dir='ltr'>bursa</span> <span class='ocrx_word' id='word_1_225' title='bbox 695 3913 728 3977; x_wconf 92' lang='lat' dir='ltr'>in</span> <span class='ocrx_word' id='word_1_226' title='bbox 752 3917 911 3997; x_wconf 85' lang='lat' dir='ltr'>potestate</span> <span class='ocrx_word' id='word_1_227' title='bbox 927 3935 984 3976; x_wconf 89' lang='lat' dir='ltr'>sua</span> <span class='ocrx_word' id='word_1_228' title='bbox 1000 3913 1147 3996; x_wconf 87' lang='lat' dir='ltr'>cuiquam</span> <span class='ocrx_word' id='word_1_229' title='bbox 1163 3912 1259 3976; x_wconf 87' lang='lat' dir='ltr'>ctiam</span> <span class='ocrx_word' id='word_1_230' title='bbox 1274 3911 1427 3995; x_wconf 82' lang='lat' dir='ltr'>uragistro</span> 
     </span>
     <span class='ocr_line' id='line_1_31' title="bbox 228 4016 1426 4101; baseline -0.005 -17"><span class='ocrx_word' id='word_1_231' title='bbox 228 4022 414 4084; x_wconf 89' lang='lat' dir='ltr'>conuentori</span> <span class='ocrx_word' id='word_1_232' title='bbox 443 4020 545 4085; x_wconf 89' lang='lat' dir='ltr'>claues</span> <span class='ocrx_word' id='word_1_233' title='bbox 575 4019 668 4084; x_wconf 87' lang='lat' dir='ltr'>bursa</span> <span class='ocrx_word' id='word_1_234' title='bbox 701 4018 932 4082; x_wconf 88' lang='lat' dir='ltr'>communicare</span> <span class='ocrx_word' id='word_1_235' title='bbox 965 4021 1020 4081; x_wconf 89' lang='lat' dir='ltr'>aut</span> <span class='ocrx_word' id='word_1_236' title='bbox 1043 4016 1241 4081; x_wconf 85' lang='lat' dir='ltr'>committere</span> <span class='ocrx_word' id='word_1_237' title='bbox 1264 4037 1320 4101; x_wconf 89' lang='lat' dir='ltr'>per</span> <span class='ocrx_word' id='word_1_238' title='bbox 1338 4016 1426 4099; x_wconf 88' lang='lat' dir='ltr'>jura-</span> 
     </span>
    </p>
   </div>
   <div class='ocr_carea' id='block_1_9' title="bbox 225 4205 1430 4454">
    <p class='ocr_par' dir='ltr' id='par_1_10' title="bbox 225 4205 1430 4454">
     <span class='ocr_line' id='line_1_32' title="bbox 296 4205 1426 4266; baseline -0.004 -2"><span class='ocrx_word' id='word_1_239' title='bbox 296 4213 310 4264; x_wconf 93' lang='lat'>1</span> <span class='ocrx_word' id='word_1_240' title='bbox 331 4210 456 4266; x_wconf 86' lang='lat' dir='ltr'>Beisatz:</span> <span class='ocrx_word' id='word_1_241' title='bbox 487 4209 558 4264; x_wconf 89' lang='lat' dir='ltr'>sicut</span> <span class='ocrx_word' id='word_1_242' title='bbox 577 4225 671 4264; x_wconf 87' lang='lat' dir='ltr'>omnes</span> <span class='ocrx_word' id='word_1_243' title='bbox 689 4207 821 4263; x_wconf 87' lang='lat' dir='ltr'>officiales</span> <span class='ocrx_word' id='word_1_244' title='bbox 839 4210 868 4261; x_wconf 90' lang='lat' dir='ltr'>et</span> <span class='ocrx_word' id='word_1_245' title='bbox 886 4207 1006 4264; x_wconf 86' lang='lat' dir='ltr'>scolares</span> <span class='ocrx_word' id='word_1_246' title='bbox 1025 4210 1105 4262; x_wconf 85' lang='lat' dir='ltr'>extra</span> <span class='ocrx_word' id='word_1_247' title='bbox 1124 4207 1238 4262; x_wconf 90' lang='lat' dir='ltr'>bursam</span> <span class='ocrx_word' id='word_1_248' title='bbox 1256 4205 1426 4262; x_wconf 84' lang='lat' dir='ltr'>habitantes.</span> 
     </span>
     <span class='ocr_line' id='line_1_33' title="bbox 295 4294 1427 4366; baseline -0.001 -16"><span class='ocrx_word' id='word_1_249' title='bbox 295 4299 311 4350; x_wconf 83' lang='lat'>2</span> <span class='ocrx_word' id='word_1_250' title='bbox 330 4297 454 4352; x_wconf 86' lang='lat' dir='ltr'>Beisatz:</span> <span class='ocrx_word' id='word_1_251' title='bbox 483 4299 555 4353; x_wconf 87' lang='lat' dir='ltr'>Item</span> <span class='ocrx_word' id='word_1_252' title='bbox 573 4295 724 4366; x_wconf 78' lang='lat' dir='ltr'>promIttat</span> <span class='ocrx_word' id='word_1_253' title='bbox 743 4295 831 4349; x_wconf 83' lang='lat' dir='ltr'>etiarn</span> <span class='ocrx_word' id='word_1_254' title='bbox 850 4295 874 4349; x_wconf 85' lang='lat' dir='ltr'>si</span> <span class='ocrx_word' id='word_1_255' title='bbox 891 4295 937 4349; x_wconf 90' lang='lat' dir='ltr'>hic</span> <span class='ocrx_word' id='word_1_256' title='bbox 955 4295 1105 4366; x_wconf 87' lang='lat' dir='ltr'>complevit</span> <span class='ocrx_word' id='word_1_257' title='bbox 1124 4295 1214 4364; x_wconf 86' lang='lat' dir='ltr'>gratis</span> <span class='ocrx_word' id='word_1_258' title='bbox 1231 4297 1260 4349; x_wconf 89' lang='lat' dir='ltr'>et</span> <span class='ocrx_word' id='word_1_259' title='bbox 1277 4294 1346 4349; x_wconf 88' lang='lat' dir='ltr'>alibi</span> <span class='ocrx_word' id='word_1_260' title='bbox 1365 4311 1427 4364; x_wconf 90' lang='lat' dir='ltr'>pro-</span> 
     </span>
     <span class='ocr_line' id='line_1_34' title="bbox 225 4382 1430 4454; baseline 0 -16"><span class='ocrx_word' id='word_1_261' title='bbox 225 4383 399 4448; x_wconf 84' lang='lat' dir='ltr'>movebitur,</span> <span class='ocrx_word' id='word_1_262' title='bbox 420 4385 494 4454; x_wconf 88' lang='lat' dir='ltr'>quod</span> <span class='ocrx_word' id='word_1_263' title='bbox 515 4384 584 4440; x_wconf 89' lang='lat' dir='ltr'>velit</span> <span class='ocrx_word' id='word_1_264' title='bbox 602 4384 708 4438; x_wconf 89' lang='lat' dir='ltr'>solvere</span> <span class='ocrx_word' id='word_1_265' title='bbox 723 4383 806 4452; x_wconf 84' lang='lat' dir='ltr'>juxta</span> <span class='ocrx_word' id='word_1_266' title='bbox 826 4384 982 4439; x_wconf 88' lang='lat' dir='ltr'>conclusum</span> <span class='ocrx_word' id='word_1_267' title='bbox 1001 4383 1132 4439; x_wconf 89' lang='lat' dir='ltr'>ultimum</span> <span class='ocrx_word' id='word_1_268' title='bbox 1152 4382 1192 4436; x_wconf 92' lang='lat' dir='ltr'>De</span> <span class='ocrx_word' id='word_1_269' title='bbox 1210 4382 1350 4451; x_wconf 88' lang='lat' dir='ltr'>qualitate</span> <span class='ocrx_word' id='word_1_270' title='bbox 1367 4399 1430 4452; x_wconf 92' lang='lat' dir='ltr'>pro·</span> 
     </span>
    </p>
   </div>
   <div class='ocr_carea' id='block_1_10' title="bbox 225 4465 1427 4614">
    <p class='ocr_par' dir='ltr' id='par_1_11' title="bbox 225 4465 1427 4614">
     <span class='ocr_line' id='line_1_35' title="bbox 225 4465 1427 4540; baseline 0.001 -16"><span class='ocrx_word' id='word_1_271' title='bbox 225 4471 425 4528; x_wconf 88' lang='lat' dir='ltr'>movendorum</span> <span class='ocrx_word' id='word_1_272' title='bbox 444 4473 491 4529; x_wconf 91' lang='lat' dir='ltr'>fol.</span> <span class='ocrx_word' id='word_1_273' title='bbox 510 4473 544 4527; x_wconf 87' lang='grc'>63</span> <span class='ocrx_word' id='word_1_274' title='bbox 562 4471 634 4527; x_wconf 89' lang='lat' dir='ltr'>facie</span> <span class='ocrx_word' id='word_1_275' title='bbox 652 4487 729 4526; x_wconf 88' lang='lat' dir='ltr'>conv.</span> <span class='ocrx_word' id='word_1_276' title='bbox 766 4465 822 4525; x_wconf 87' lang='lat' dir='ltr'>Das</span> <span class='ocrx_word' id='word_1_277' title='bbox 842 4471 919 4526; x_wconf 83' lang='lat' dir='ltr'>Citat</span> <span class='ocrx_word' id='word_1_278' title='bbox 937 4474 1016 4540; x_wconf 89' lang='lat' dir='ltr'>passt</span> <span class='ocrx_word' id='word_1_279' title='bbox 1035 4489 1068 4525; x_wconf 85' lang='lat' dir='ltr'>zu</span> <span class='ocrx_word' id='word_1_280' title='bbox 1087 4469 1196 4526; x_wconf 86' lang='lat' dir='ltr'>keinem</span> <span class='ocrx_word' id='word_1_281' title='bbox 1215 4469 1264 4525; x_wconf 88' lang='lat' dir='ltr'>der</span> <span class='ocrx_word' id='word_1_282' title='bbox 1282 4469 1427 4526; x_wconf 84' lang='lat' dir='ltr'>Statuten·</span> 
     </span>
     <span class='ocr_line' id='line_1_36' title="bbox 226 4558 334 4614; baseline 0.009 -2"><span class='ocrx_word' id='word_1_283' title='bbox 226 4558 334 4614; x_wconf 69' lang='lat' dir='ltr'>buche.</span> 
     </span>
    </p>
   </div>
   <div class='ocr_carea' id='block_1_11' title="bbox 0 0 1758 5322">
    <p class='ocr_par' dir='ltr' id='par_1_12' title="bbox 0 0 1758 5322">
     <span class='ocr_line' id='line_1_37' title="bbox 0 0 1758 5322; baseline 0 0"><span class='ocrx_word' id='word_1_284' title='bbox 0 0 1758 5322; x_wconf 95' lang='lat' dir='ltr'> </span> 
     </span>
    </p>
   </div>
  </div>
 </body>
</html>
