3442 5314
329 449 370 515 58
683 447 709 502 8.
729 446 862 503 Statuten
879 463 944 504 rom
963 447 988 501 9.
1008 445 1072 502 Okt.
1092 447 1167 503 1477.

326 605 479 691 Alioquin
502 607 651 672 lectiones
680 610 768 671 setus
798 609 831 671 e't
852 606 1002 672 exercitia
1027 608 1124 672 etiam
1146 607 1319 693 vigilanter
1340 609 1470 675 visitatu
1494 614 1527 676 et

325 711 434 777 audita
456 733 515 798 pro
537 713 640 778 torma
662 712 779 801 gradus
800 711 991 796 suscipiendi
1011 712 1113 778 eidem
1136 713 1285 780 nolumus
1308 716 1494 800 computari.

533 956 709 1024 Statuta
730 957 1030 1023 intitulandis
1054 958 1324 1046 prelegenda.

411 1135 600 1218 Priusquam
624 1131 739 1196 Itector
761 1130 989 1198 Vniuersitatis
1020 1133 1113 1198 alicui
1146 1132 1341 1198 intitulando
1367 1133 1527 1198 iuramen-

328 1244 397 1305 tum
410 1239 530 1304 delerat
545 1239 674 1303 solitum
690 1237 936 1321 infrascriptum,
952 1237 1095 1302 volumus
1111 1238 1279 1304 statuimus
1290 1243 1324 1304 et
1334 1239 1527 1316 ordinamus,

324 1348 360 1408 vt
375 1344 490 1409 Reotor
513 1341 617 1426 quiuis
640 1363 699 1425 pro
722 1345 864 1426 tempore
878 1342 1058 1408 huiusmodi
1074 1343 1268 1408 intitulando
1283 1348 1405 1410 statuta
1425 1346 1527 1430 prele-

325 1453 381 1532 gat
405 1447 607 1531 infrascripta
628 1453 661 1510 et
682 1447 848 1530 presertim
871 1447 1010 1532 primum
1025 1447 1068 1512 Et
1083 1447 1109 1512 si
1131 1448 1281 1513 maluerit
1303 1452 1359 1514 aut
1380 1449 1527 1534 expedire

325 1553 427 1618 risum
449 1552 555 1630 fuerit,
580 1551 643 1615 alia
665 1549 780 1616 adiciat
801 1555 833 1615 et
855 1551 983 1616 illorum
1005 1555 1146 1616 mentem
1167 1552 1359 1618 intitulando
1381 1554 1527 1638 apperiat

326 1657 393 1737 Ne,
427 1658 454 1722 si
477 1657 683 1742 imposterum
706 1656 840 1720 eundem
863 1656 927 1721 illis
961 1661 1016 1721 aut
1038 1658 1208 1722 eorundem
1230 1659 1285 1724 vni
1307 1658 1527 1724 contrauenire

329 1762 539 1849 contingeret,
570 1761 786 1847 ignorantiam
814 1762 920 1826 valeat
950 1761 1045 1846 isipse
1073 1765 1257 1847 pretendere
1291 1762 1527 1847 quomodolibet

330 1868 379 1934 rel
401 1867 547 1954 allegare.

411 1971 492 2037 Item
515 1973 638 2037 nullum
662 1972 837 2037 mombmm
861 1971 1077 2037 uniuersitatis
1093 1971 1215 2057 aliquas
1238 1973 1524 2058 conspiratio·

325 2087 400 2143 nes
422 2077 672 2142 machinationes
694 2099 747 2142 seu
763 2076 992 2160 intelligentias
1007 2077 1162 2157 sinistras,
1187 2099 1257 2142 cum
1274 2079 1524 2163 quibuscunque,

325 2185 359 2247 in
382 2203 497 2268 genere
528 2183 577 2248 vel
599 2184 632 2248 in
663 2183 783 2267 speeie,
815 2182 911 2246 verbo
941 2181 1026 2247 fanto
1048 2187 1105 2248 aut
1136 2184 1229 2268 signo
1252 2183 1286 2248 in
1316 2183 1524 2268 preiudioium

322 2291 354 2353 et
384 2287 533 2352 damnum
565 2287 685 2351 domini
717 2285 817 2351 nostri
849 2287 970 2352 domini
1000 2285 1189 2353 Eaannnnm
1214 2287 1346 2354 Comitis
1369 2289 1523 2354 Wintem-

321 2391 484 2477 bergensis
514 2392 564 2456 vel
596 2413 724 2456 suorum
748 2413 978 2471 stlocessorum,
1011 2395 1043 2457 et
1066 2394 1243 2458 eommunis
1265 2393 1360 2459 huius
1382 2394 1523 2464 ciuitatis

325 2497 467 2581 regentis
489 2497 619 2562 suscitet
641 2497 740 2563 faeiat
761 2498 894 2583 incipiat
917 2502 972 2562 aut
994 2498 1113 2584 dirigat
1135 2519 1191 2581 per
1213 2520 1246 2564 se
1268 2499 1318 2563 vel
1341 2497 1449 2576 alium,
1473 2499 1522 2564 di-

321 2605 404 2667 reote
426 2601 476 2666 vel
498 2602 658 2680 indireote,
682 2603 778 2667 tsoite
802 2603 850 2667 vel
874 2623 1029 2690 expresse,
1054 2603 1166 2688 quouis
1182 2604 1305 2687 quesito
1321 2603 1450 2688 ingenio
1473 2604 1522 2668 vel

321 2706 444 2786 oolore,
479 2729 581 2790 neque
611 2707 676 2773 illis
707 2707 859 2774 interesse
881 2713 1043 2794 presumat
1065 2708 1133 2774 Aut
1162 2713 1317 2792 quatenus
1347 2707 1404 2772 illa
1431 2708 1521 2786 fiant,

303 2795 437 2896 'queuis
468 2813 629 2877 suessione
659 2814 855 2892 oonsontiat,
889 2835 981 2897 opem
1005 2815 1053 2880 vel
1076 2813 1230 2878 anx-ilium
1253 2817 1390 2897 prestet,
1421 2834 1522 2897 neque

323 2918 369 2982 sio
392 2916 543 2982 laoientes
566 2918 802 3002 quomodolibet
824 2918 930 2984 foueat
951 2919 1001 2983 vel
1022 2919 1169 2985 delendat
1190 2917 1348 3003 Quinymo
1377 2918 1446 2982 sine
1468 2917 1521 2982 de-

322 3019 474 3087 trimento
499 3026 531 3086 et
553 3023 719 3108 dispendio
741 3024 857 3108 prefati
873 3025 1007 3089 dominii
1029 3031 1061 3090 et
1084 3025 1225 3110 regentis
1240 3023 1378 3089 civitatis
1402 3045 1439 3088 ae
1460 3023 1522 3088 rei·

320 3125 464 3212 publieae
486 3128 624 3194 eiusdem
647 3130 682 3194 in
704 3133 814 3194 nostra
835 3129 1043 3195 rninemitste
1065 3130 1182 3195 morari
1205 3127 1335 3206 debeat,
1359 3129 1418 3193 sub
1440 3149 1522 3213 pena

319 3231 450 3316 periurii
472 3238 504 3298 et
526 3233 705 3299 amissionis
728 3233 969 3318 priuilegiorum
990 3237 1060 3320 ipso
1083 3234 1167 3300 faeto
1189 3233 1435 3318 Quibuseunque
1456 3235 1521 3298 sta·

319 3337 397 3402 tutis
420 3342 477 3402 aut
497 3339 568 3403 aliis
592 3339 625 3403 in
648 3340 842 3405 eontrarium
866 3339 1055 3406 facientibus
1078 3338 1383 3416 nonobstantibus,
1411 3339 1465 3404 sed
1488 3337 1522 3404 in

318 3440 490 3526 harperto
514 3443 708 3508 eessantibus
731 3449 763 3510 et
785 3445 961 3510 summotis.

405 3545 486 3611 Item
509 3549 678 3613 statuimus
695 3549 778 3632 quod
801 3550 909 3614 desero
925 3550 1032 3614 nullus
1048 3550 1245 3615 studentium
1260 3553 1334 3633 post
1355 3549 1522 3633 signum

319 3671 521 3734 campane
552 3652 646 3737 vulgo
683 3651 734 3716 die
762 3651 973 3738 Waohtgloolr
1001 3653 1162 3718 nominate
1192 3654 1310 3738 absque
1337 3652 1522 3718 neeessitate

318 3754 368 3819 vel
391 3777 483 3820 eausa
505 3757 600 3821 vsdat
615 3757 798 3821 rationabili
821 3778 878 3840 per
901 3758 1032 3842 plateas,
1057 3758 1101 3823 Et
1115 3759 1142 3824 si
1165 3781 1291 3824 eausam
1312 3780 1385 3823 vere
1407 3757 1522 3822 habeat

319 3858 519 3946 legitimam,
550 3883 621 3926 omn
643 3865 775 3947 apporto
798 3860 935 3940 lumine,
969 3868 1002 3927 et
1023 3885 1079 3947 per
1102 3865 1172 3929 loea
1193 3864 1282 3929 lioits
1303 3862 1467 3949 gradiatur
1489 3866 1523 3927 et

317 3963 451 4032 honeste
473 3965 538 4032 Sub
560 3988 642 4053 pena
663 3967 758 4031 unius
775 3967 886 4031 floreni
903 3968 1020 4032 totiens
1043 3969 1119 4033 fiseo
1136 3968 1353 4033 uniuersitatis
1368 3965 1520 4045 soluendi,

319 4072 465 4154 quotiens
487 4093 582 4156 super
605 4072 662 4136 tali
684 4093 809 4136 eroessu
834 4072 997 4138 conuictus
1020 4073 1117 4138 fuerit
1138 4072 1188 4138 rel
1211 4073 1380 4138 confessus.

404 4175 486 4241 Item
508 4177 614 4241 nullus
636 4177 832 4243 studentium
855 4179 987 4244 armis
1014 4178 1157 4243 munitus
1181 4177 1341 4244 offensiuis
1356 4177 1390 4241 in
1406 4174 1520 4261 plateis

317 4280 367 4345 die
389 4283 445 4345 aut
466 4285 558 4346 noete
573 4281 698 4346 incedat
719 4281 784 4347 Sub
806 4304 890 4367 pena
912 4284 1005 4348 vnius
1019 4284 1131 4349 floreni
1155 4287 1187 4349 et
1210 4283 1389 4348 amissionis
1414 4303 1519 4374 amno·

316 4407 387 4450 rum
410 4385 594 4450 delatorum.

404 4489 541 4559 Nullum
563 4491 659 4558 etiam
674 4493 910 4579 suppositorum
924 4493 1142 4560 uniuersitatis
1165 4495 1215 4560 die
1231 4499 1287 4560 aut
1302 4499 1394 4562 noete
1409 4516 1518 4579 quem-
