3462 5314
335 549 345 556 ,
358 479 422 544 526
916 477 1001 536 maa

362 639 412 699 37.
436 634 601 700 Johannes
624 636 802 722 Beehinger
826 639 863 702 de
886 635 1108 702 Braekenhain
1134 642 1173 701 10
1196 637 1281 724 Sept.

358 744 408 804 38.
433 738 476 804 M.
500 739 689 804 Gristoferus
712 739 770 805 Ott
794 741 939 805 Fridrich
961 742 999 806 de
1024 742 1205 826 Argentina
1228 742 1294 806 ead.
1323 743 1373 808 die
1401 751 1412 808 1
1440 768 1464 808 s.

358 849 410 908 39.
434 843 614 928 Stephanus
637 843 724 908 Boeh
748 845 785 908 de
810 843 1012 910 Conflueneia
1037 850 1077 909 24
1101 845 1186 931 Sept.

356 954 408 1014 40.
433 948 641 1012 Berehtoldus
663 947 911 1035 Rangendinger
934 951 971 1014 de
994 950 1252 1035 Troehtelfingen
1274 952 1331 1016 vlt.
1361 951 1447 1036 Sept.
1475 959 1488 1017 l
1516 977 1540 1018 s.

357 1059 408 1118 41.
433 1052 569 1117 Jaoobus
592 1050 788 1116 Sehonleben
813 1053 851 1116 de
874 1051 1018 1119 Weltzen
1041 1060 1060 1119 8
1084 1053 1154 1119 Oet.
1180 1055 1266 1119 dedit
1293 1062 1307 1119 1
1335 1079 1358 1120 1.

358 1162 409 1223 42.
434 1156 596 1222 Johannes
619 1155 744 1220 Waibel
768 1158 805 1222 de
830 1155 976 1222 Pfortzen
1008 1163 1048 1223 14
1071 1157 1139 1224 Oet.

358 1266 409 1326 43.
433 1262 476 1326 Μ.
501 1261 638 1325 Thomas
662 1261 787 1344 Rayter
808 1260 846 1324 de
869 1261 1006 1327 Wienna
1032 1267 1069 1326 16
1095 1261 1163 1328 011.
1188 1264 1273 1329 dedit
1304 1272 1319 1329 l
1344 1287 1368 1330 s.

359 1371 410 1431 44.
435 1364 614 1449 Stephanus
637 1365 711 1450 Epp
738 1365 775 1430 de
799 1415 1001 1432 .......
1027 1367 1076 1432 die
1103 1372 1140 1432 18
1164 1367 1233 1433 011.

445 1521 627 1606 Sequuntur
661 1524 791 1587 nomina
821 1524 1058 1590 intitulatorum
1087 1525 1146 1589 sub
1176 1530 1335 1592 rectoratu
1367 1529 1476 1594 eximii
1502 1531 1561 1594 viri

357 1629 477 1693 domini
501 1627 576 1693 er
596 1653 637 1692 nn
660 1627 765 1692 Funsn
799 1628 838 1692 V.
862 1628 892 1694 J.
916 1628 955 1693 D.
980 1652 999 1693 a
1021 1629 1102 1694 festo
1124 1629 1154 1694 S.
1179 1629 1262 1696 Luce
1284 1655 1311 1696 a.
1338 1637 1377 1697 93
1402 1657 1499 1717 vsqua
1521 1635 1560 1698 ad

357 1734 473 1799 festum
496 1732 579 1796 Phil.
604 1738 635 1796 et
657 1732 723 1798 Jao.
751 1756 779 1796 a.
810 1737 860 1798 94.

382 1897 409 1956 l.
433 1889 596 1957 Johannes
620 1889 747 1974 (Ruesa)
771 1888 908 1954 Santonis
932 1889 969 1953 de
991 1887 1128 1974 Liphain
1152 1895 1191 1954 25
1215 1889 1284 1956 Oet.
1308 1893 1395 1958 dedit
1422 1899 1434 1958 l
1461 1917 1485 1959 s.

380 2001 410 2060 2.
433 1995 588 2081 Georgius
612 1993 757 2058 Walther
780 1993 817 2058 de
841 1994 1035 2080 Mitnsingen
1060 1995 1175 2060 dieas
1200 1994 1269 2061 Oet.
1294 1999 1340 2061 nil
1363 2001 1458 2065 dedit.

382 2106 411 2165 3.
435 2099 574 2166 Mathias
598 2099 712 2184 Stump
736 2099 774 2164 de
797 2097 939 2163 Nuwiler
967 2099 1032 2164 ead.
1062 2100 1121 2164 die.

383 2212 414 2270 4.
438 2203 599 2270 Erhardus
621 2203 769 2268 Pfortnen
794 2204 832 2267 de
854 2203 1037 2268 Blaubdren
1060 2206 1126 2269 ead.
1151 2205 1209 2270 die.

381 2316 409 2375 5.
435 2310 590 2395 Georgius
613 2309 770 2374 Meoheler
793 2309 831 2373 de
854 2307 1009 2372 Zabernia
1031 2309 1082 2374 die
1106 2313 1124 2373 6
1147 2308 1230 2375 Nou.

382 2419 410 2478 6.
434 2412 587 2479 Nicolaus
610 2413 768 2498 Opilionis
792 2414 829 2478 de
852 2413 1042 2479 Kornwesta
1072 2420 1110 2478 12
1135 2415 1216 2480 Nou.

382 2527 409 2585 7.
433 2521 593 2586 Martinus
617 2519 775 2604 Opilionis
799 2520 836 2584 de
859 2517 1047 2584 Kornwesta
1069 2520 1135 2584 ead.
1163 2520 1223 2584 die.

380 2633 409 2692 8.
433 2625 613 2710 Stephanus
635 2625 725 2689 Wair
749 2625 786 2688 de
809 2623 895 2688 Wila
917 2625 966 2689 die
993 2628 1030 2687 17
1055 2621 1137 2688 Nou.

380 2737 409 2795 0.
434 2729 473 2796 D.
497 2731 659 2797 Johannes
683 2730 879 2816 Gaekmayer
901 2731 938 2794 de
961 2727 1159 2815 Rotemburg
1182 2733 1223 2793 26
1246 2727 1329 2794 Nou.

360 2843 409 2902 10.
433 2835 648 2922 Wolfgaugus
671 2835 813 2901 Schenek
836 2837 873 2900 de
897 2833 1096 2918 Rotemburg
1122 2834 1173 2898 die
1196 2839 1246 2898 27.

360 2947 410 3006 11.
434 2941 545 3006 Frater
568 2940 757 3005 Laurentius
781 2939 915 3004 Gutbier
946 2941 983 3004 de
1009 2940 1199 3026 Merenberg
1231 2941 1296 3004 ord.
1328 2939 1358 3004 S.
1383 2939 1558 3026 Augustini

433 3054 451 3111 2
477 3045 549 3110 Dee.
573 3045 620 3108 nil
643 3045 729 3109 dedit
753 3045 828 3130 quia
850 3068 979 3131 pauper.

362 3156 409 3216 12.
435 3149 599 3216 Johannes
624 3150 692 3216 Reu
716 3149 754 3214 de
775 3149 926 3214 Swahaeh
951 3157 968 3215 3
993 3152 1067 3216 Dee.
1100 3207 1102 3210 ,

361 3238 420 3319 13.Ι
434 3255 596 3320 Johannes
620 3254 831 3340 Haintzinger
858 3256 896 3320 de
921 3255 1137 3342 Memmingen
1164 3256 1299 3322 15])11.

361 3367 409 3426 14.
435 3360 605 3426 Hainrieus
628 3360 827 3444 Carpentarii
850 3361 888 3425 da
911 3360 1049 3447 Mengen
1074 3363 1140 3427 ead.
1167 3363 1216 3426 die
1239 3363 1325 3426 dedit
1352 3370 1365 3427 l
1392 3385 1416 3425 s.

362 3579 409 3638 15.
435 3571 547 3637 Petrus
571 3569 722 3634 Widman
746 3569 783 3633 de
806 3569 958 3635 Haimsen
983 3577 1002 3635 8
1026 3571 1098 3636 Jan.
1123 3571 1210 3636 dedit
1239 3577 1253 3637 1
1279 3595 1304 3637 a.

361 3683 410 3746 16.
434 3677 473 3742 D.
490 3675 737 3742 MelchiorBaro
759 3677 834 3761 imp.
850 3675 1004 3742 Pincerua
1021 3677 1060 3741 de
1072 3677 1228 3762 Limpurg
1239 3677 1326 3740 dedit
1344 3677 1439 3742 lflor.
1455 3679 1556 3744 7Jan.

361 3790 409 3848 17.
433 3782 637 3847 Jheronimus
660 3781 760 3847 frater
781 3783 930 3860 eiusdem,
954 3783 1102 3846 similiter
1130 3791 1137 3846 1
1167 3783 1198 3846 fl.

359 3892 409 3952 18.
435 3887 589 3972 Georgius
611 3887 649 3951 de
671 3886 870 3952 Vohenstain
893 3889 958 3951 ead.
983 3889 1041 3952 die.

359 3997 408 4057 19.
432 3992 593 4058 Johannes
617 3990 775 4056 Hartman
798 3992 835 4056 de
858 3992 966 4057 Husen
991 3993 1036 4057 im
1058 3991 1249 4058 Schfinbueh
1277 3998 1323 4057 15.

390 4193 393 4200 “
427 4182 663 4240 3111111191.
700 4180 1557 4251 11111511.-4111111131111111-111111

356 4269 549 4328 versehrieben
574 4269 619 4322 fur
642 4267 919 4338 sigismundus
944 4271 1023 4340 Epp
1046 4270 1081 4324 de
1105 4269 1250 4324 Bonniken
1276 4269 1457 4340 (1111111111.)
1482 4270 1558 4326 bace.

356 4357 476 4414 heidelb.
495 4355 531 4409 M.
552 4359 583 4411 A.
606 4357 680 4411 1494.
718 4355 818 4426 Spater
836 4359 973 4428 professus
992 4358 1050 4412 ord.
1070 4359 1156 4414 herm.
1176 4357 1203 4412 S.
1221 4358 1292 4426 Aug.
1311 4357 1389 4422 Tub„
1408 4357 1510 4413 Lehrar
1527 4361 1559 4414 in

356 4446 535 4515 Wittenberg
563 4445 656 4501 Theol.
685 4444 717 4498 D.
746 4446 821 4500 1504.
843 4477 872 4486 -
893 4448 918 4500 8.
937 4445 1022 4500 War
1040 4445 1074 4500 da
1093 4445 1162 4500 wir}
1191 4444 1227 4498 Μ.
1247 4447 1278 4498 Α.
1306 4446 1433 4500 1197.-
1458 4446 1497 4500 13.
1523 4445 1559 4502 de

356 4533 498 4592 Dauhain.
