3464 5318
483 464 525 520 37.
544 461 736 519 Reformation
755 461 804 516 der
823 460 906 514 Univ.
927 462 1046 519 1534.35.
1309 465 1370 528 163

172 624 193 689 J
203 623 393 688 ohannes
418 621 653 705 [Arrnbruster]
678 623 783 704 posset
812 620 850 682 de
871 619 1019 684 omnibus
1049 619 1141 684 rebus
1167 623 1281 686 certior
1303 623 1376 686 fieri·

172 732 204 792 et
226 729 325 812 ipsius
348 727 516 793 consilium
539 725 684 811 experiri.
731 724 820 799 Quod
834 725 1023 789 vniuersitas
1040 727 1158 810 recepit
1181 731 1214 792 et
1236 729 1274 792 ad
1290 728 1371 793 Doc-

173 837 273 897 torem
291 832 312 897 J
321 834 523 897 ohannem
546 854 578 895 se
602 831 769 894 missuram
784 835 816 894 et
839 830 950 894 deinde
973 852 1195 918 responsuram
1218 835 1374 916 promisit,

172 943 203 1002 et
227 939 272 1003 ita
294 939 462 1004 consilium
484 936 673 1001 dissolutum
696 939 751 1000 est.

259 1042 410 1108 Consulto
433 1063 506 1106 vero
529 1041 567 1106 D.
591 1039 742 1104 Jonasnn
770 1039 832 1104 duo
855 1040 1052 1118 missisunt,
1078 1043 1133 1125 qni
1155 1044 1372 1110 reformatori-

176 1148 231 1211 bus
254 1149 411 1224 dixerunt,
437 1147 674 1212 vniuersitatem
697 1147 735 1210 ad
758 1146 1012 1229 respondendum
1036 1169 1103 1211 esse
1125 1153 1277 1232 paratam.
1324 1151 1375 1215 Ad

175 1253 259 1336 quod
281 1252 461 1316 visitatores
485 1252 642 1328 dixerunt,
667 1251 750 1334 qnod
768 1250 957 1315 vniuersitas
974 1251 1101 1316 deberet
1122 1254 1167 1317 eis
1190 1275 1281 1318 suam
1303 1279 1374 1320 sen-

173 1357 307 1422 tentiam
331 1378 403 1421 cum
437 1357 613 1421 rationibus
636 1356 838 1421 mouentibus
868 1358 901 1419 in
934 1356 1061 1442 scriptis
1091 1360 1254 1442 concipere
1276 1365 1308 1425 et
1330 1362 1375 1425 eis

174 1462 413 1526 communicare.
461 1461 551 1537 Quod
583 1485 638 1546 per
661 1461 902 1526 vniuersitatem
932 1463 1052 1525 tactum
1075 1466 1177 1527 estet
1200 1463 1299 1547 aliqui
1323 1466 1376 1528 de-

174 1567 279 1652 putati
301 1571 386 1645 sunt,
413 1568 466 1651 qui
489 1568 629 1632 cumeis
652 1568 923 1651 dispensairerunt.
969 1565 1037 1641 Quo
1064 1565 1147 1630 facto
1170 1571 1202 1631 et
1223 1568 1375 1634 reforma·

174 1678 258 1736 tores
280 1673 439 1757 petierunt
462 1673 611 1750 indutias,
635 1695 696 1756 que
718 1674 762 1736 eis
785 1693 927 1737 concesse
949 1676 1033 1735 sunt.

263 1777 340 1842 Post
374 1779 496 1862 aliquot
528 1779 603 1844 dies·
626 1777 747 1842 domini
775 1778 997 1841 reformatores
1029 1777 1189 1860 petierunt
1211 1781 1377 1844 conuocari

177 1884 215 1946 ud
239 1884 299 1948 boc
322 1883 487 1968 negotium
517 1885 683 1967 deputatos
713 1887 744 1948 et
774 1883 821 1946 ita
843 1882 1079 1966 responderunt.
1125 1879 1214 1956 Quod
1236 1885 1377 1965 quando·

177 1988 303 2070 quidem
327 1989 513 2052 articuli
535 1989 604 2053 uel
627 1989 866 2072 positiones
889 1989 973 2052 fere
995 1986 1261 2052 exdiametro
1284 2009 1378 2073 pug-

178 2096 351 2170 narent,
376 2115 441 2156 ncn
464 2099 596 2177 possent
619 2093 820 2176 quidcunque
843 2092 928 2156 aliud
950 2093 1138 2176 respondere
1159 2093 1210 2156 uel
1232 2097 1379 2169 tractare,

180 2199 234 2262 sed
259 2189 422 2283 negotium
439 2197 639 2262 referendum
662 2199 700 2262 ad
717 2198 767 2263 lll.
784 2198 974 2281 Principem.
1020 2195 1123 2272 Quare
1138 2197 1166 2260 si
1180 2197 1380 2262 Vniuersitas

179 2303 276 2367 uellet
298 2324 388 2366 suam
411 2304 603 2368 sententiam
626 2304 704 2386 ipsis
727 2303 986 2367 reformatoribus
1008 2301 1140 2377 tradere,
1163 2306 1239 2366 tunc
1261 2302 1380 2366 uellent

178 2407 361 2492 Stntgardie
384 2431 489 2474 coram
512 2408 564 2474 Ill.
588 2408 735 2491 Principe
758 2408 892 2472 fideliter
912 2411 1060 2471 tractare.

266 2512 317 2576 Ad
341 2514 500 2596 primum,
535 2515 653 2579 scilicet
685 2515 766 2599 quod
790 2515 987 2580 referendum
1019 2518 1100 2578 esset
1123 2515 1162 2578 ad
1185 2513 1376 2597 Principem,

178 2619 411 2702 responderunt
433 2620 562 2702 quidam
577 2621 816 2705 deputatorum:
841 2621 923 2704 quod
939 2624 1094 2705 sperasset
1115 2619 1305 2683 uniuersitas
1327 2617 1377 2682 uel

166 2724 212 2790 in
236 2724 396 2807 aliquibus
418 2723 576 2806 principio
599 2748 665 2790 csse
688 2729 878 2791 conuentum
894 2724 980 2789 etde
1002 2724 1073 2788 aliis
1095 2727 1234 2807 potuisse
1249 2724 1381 2787 ulterius

184 2829 267 2892 inter
291 2829 511 2893 reformatores
535 2833 567 2893 et
589 2832 824 2896 uniuersitatem
849 2830 989 2907 tractari,
1016 2851 1056 2892 nc
1078 2827 1128 2892 Ill.
1153 2829 1303 2912 Princeps
1327 2827 1382 2910 qui

181 2933 259 2997 alias
283 2934 361 2998 satis
383 2937 553 3018 occupatus
578 2939 669 3012 esset,
694 2935 749 2998 illo
764 2934 892 3020 negotio
908 2934 1136 2997 molestaretur.
1182 2932 1241 2997 Sed
1265 2931 1382 2995 nihilo·

182 3039 288 3102 minus
310 3038 343 3101 in
368 3060 424 3102 sua
446 3041 605 3104 sententia
628 3043 916 3125 perseuerauerunt.

267 3143 316 3207 Ad
340 3144 511 3207 secundum
534 3144 697 3227 respondit
719 3143 923 3220 uniuersitas,
958 3142 1041 3225 quod
1063 3142 1225 3226 propriam
1248 3142 1382 3227 legatio-

182 3267 254 3309 nern
278 3248 406 3312 mittere
428 3248 525 3313 vellet
546 3252 578 3312 et
600 3249 626 3311 si
650 3247 788 3331 placeret
810 3247 1069 3312 reformatoribus
1093 3269 1164 3311 cum
1186 3247 1230 3309 eis
1254 3246 1380 3309 ‹lescen-

183 3351 264 3415 dere.
313 3351 363 3416 Aa
396 3355 479 3436 quod
511 3353 750 3432 reformatores,
782 3353 981 3435 potissimum
1012 3373 1084 3415 vero
1115 3351 1267 3427 Bnnnnn,
1302 3352 1384 3436 quod

183 3455 335 3540 Princeps
358 3463 441 3521 esset
463 3458 668 3543 vagabundus
701 3479 757 3522 nec
788 3458 822 3521 in
845 3458 962 3522 eisdem
985 3458 1110 3522 sedibus
1133 3462 1310 3520 moraretur
1334 3479 1383 3520 as·

183 3560 279 3638 sidua,
304 3583 401 3644 quare
424 3563 512 3646 prins
536 3563 781 3647 explorandum,
805 3564 932 3645 quando
954 3563 1113 3627 commode
1135 3562 1383 3626 descenderetur.

183 3666 251 3742 Quo
275 3668 439 3751 explorato
463 3667 639 3732 insinuauit
654 3666 864 3744 vniuersinti,
888 3671 920 3731 et
942 3667 987 3730 ita
1009 3667 1070 3751 ipsi
1094 3667 1234 3742 seorsim,
1258 3670 1290 3772 et
1313 3666 1383 3729 vni-

184 3773 318 3836 uersitns
340 3773 496 3837 seorsin1¹
519 3773 747 3838 descenderunt
769 3777 801 3836 ct
824 3773 948 3836 collatis
980 3771 1112 3836 inferius
1134 3771 1311 3835 rationibus
1334 3791 1386 3832 or-

183 3877 306 3941 dinatio
328 3898 412 3942 noua
433 3878 574 3942 confecta
596 3883 673 3956 est„

255 4065 336 4122 Univ.
357 4068 459 4122 Archiv
480 4068 526 4133 Vl,
546 4070 587 4124 25.
634 4067 701 4122 Wer
729 4066 802 4121 diese
821 4067 1085 4138 Anfzeichnungen,
1114 4066 1159 4121 die
1184 4067 1241 4121 sich
1270 4066 1321 4120 auf
1335 4064 1389 4118 den

185 4159 313 4210 busseren
333 4155 469 4225 Hergang
501 4155 549 4209 dcr
568 4154 809 4224 Verbandlungcn
836 4155 889 4208 mit
916 4154 970 4208 den
998 4155 1098 4209 beiden
1116 4155 1318 4222 Beauftragten
1344 4151 1391 4206 des

257 4352 268 4404 1
289 4349 343 4402 Am
362 4351 386 4404 9.
406 4349 469 4404 Dee.
491 4351 558 4404 1534
585 4365 679 4404 waren
698 4366 760 4402 zum
786 4347 894 4417 Herzog
919 4347 1061 4418 geschiclrt
1086 4347 1198 4402 worden
1223 4323 1276 4401 Pe.
1295 4346 1390 4400 Brun

185 4437 243 4490 und
263 4437 389 4493 Balth.
412 4438 614 4492 Ktuffelin.
644 4437 756 4500 Pressel,
776 4436 894 4490 Blanrer
907 4437 966 4490 389.
1002 4435 1082 4489 Diese
1100 4435 1186 4489 letzte
1206 4433 1391 4502 Abordnnng,

184 4523 329 4579 vielleicht
347 4524 493 4580 dersclben
511 4525 658 4590 Personen,
679 4524 748 4578 wird
767 4541 856 4593 gagen
876 4523 952 4578 Ende
971 4524 1093 4580 Januam
1113 4524 1180 4577 1535
1198 4520 1296 4575 fallen.

1131 4611 1184 4666 11*
