<?xml version="1.0" encoding="UTF-8"?>
<!DOCTYPE html PUBLIC "-//W3C//DTD XHTML 1.0 Transitional//EN"
    "http://www.w3.org/TR/xhtml1/DTD/xhtml1-transitional.dtd">
<html xmlns="http://www.w3.org/1999/xhtml" xml:lang="en" lang="en">
 <head>
  <title>
</title>
<meta http-equiv="Content-Type" content="text/html;charset=utf-8" />
  <meta name='ocr-system' content='tesseract 3.04.00' />
  <meta name='ocr-capabilities' content='ocr_page ocr_carea ocr_par ocr_line ocrx_word'/>
</head>
<body>
  <div class='ocr_page' id='page_1' title='image "./urkundenzurgesc00tbgoog_0278.png"; bbox 0 0 3462 5320; ppageno 0'>
   <div class='ocr_carea' id='block_1_1' title="bbox 754 422 1072 494">
    <p class='ocr_par' dir='ltr' id='par_1_1' title="bbox 754 422 1072 494">
     <span class='ocr_line' id='line_1_1' title="bbox 754 422 1072 494; baseline 0 -16"><span class='ocrx_word' id='word_1_1' title='bbox 754 423 886 478; x_wconf 78' lang='lat' dir='ltr'>Facultas</span> <span class='ocrx_word' id='word_1_2' title='bbox 904 422 1072 494; x_wconf 78' lang='lat' dir='ltr'>theologica</span> 
     </span>
    </p>
   </div>
   <div class='ocr_carea' id='block_1_2' title="bbox 503 671 1324 942">
    <p class='ocr_par' dir='ltr' id='par_1_2' title="bbox 503 671 1324 942">
     <span class='ocr_line' id='line_1_2' title="bbox 868 671 952 745; baseline 0.024 -2"><span class='ocrx_word' id='word_1_3' title='bbox 868 713 872 724; x_wconf 78' lang='lat'><strong>·</strong></span> <span class='ocrx_word' id='word_1_4' title='bbox 886 671 952 745; x_wconf 88' lang='grc' dir='ltr'><strong>ΙΙΙ.</strong></span> 
     </span>
     <span class='ocr_line' id='line_1_3' title="bbox 503 847 1324 942; baseline 0.001 -20"><span class='ocrx_word' id='word_1_5' title='bbox 503 848 698 922; x_wconf 76' lang='lat' dir='ltr'>Ordinatio</span> <span class='ocrx_word' id='word_1_6' title='bbox 725 847 935 921; x_wconf 85' lang='lat' dir='ltr'>Facultatis</span> <span class='ocrx_word' id='word_1_7' title='bbox 962 847 1182 942; x_wconf 71' lang='lat' dir='ltr'>theologicae</span> <span class='ocrx_word' id='word_1_8' title='bbox 1215 851 1324 923; x_wconf 82' lang='lat'>1496.</span> 
     </span>
    </p>
   </div>
   <div class='ocr_carea' id='block_1_3' title="bbox 310 1022 1523 4578">
    <p class='ocr_par' dir='ltr' id='par_1_3' title="bbox 399 1022 1414 1092">
     <span class='ocr_line' id='line_1_4' title="bbox 399 1022 1414 1092; baseline -0.002 -2"><span class='ocrx_word' id='word_1_9' title='bbox 399 1025 437 1090; x_wconf 84' lang='lat' dir='ltr'>Is</span> <span class='ocrx_word' id='word_1_10' title='bbox 452 1048 572 1092; x_wconf 79' lang='lat' dir='ltr'>souma</span> <span class='ocrx_word' id='word_1_11' title='bbox 586 1049 704 1090; x_wconf 77' lang='lat' dir='ltr'>annona</span> <span class='ocrx_word' id='word_1_12' title='bbox 739 1028 771 1090; x_wconf 92' lang='lat' dir='ltr'>et</span> <span class='ocrx_word' id='word_1_13' title='bbox 793 1023 955 1088; x_wconf 82' lang='lat' dir='ltr'>indiuiduo</span> <span class='ocrx_word' id='word_1_14' title='bbox 969 1023 1126 1088; x_wconf 72' lang='lat' dir='ltr'>trinitatis</span> <span class='ocrx_word' id='word_1_15' title='bbox 1150 1022 1285 1088; x_wconf 79' lang='lat' dir='ltr'>feliciter</span> <span class='ocrx_word' id='word_1_16' title='bbox 1300 1023 1414 1090; x_wconf 86' lang='lat' dir='ltr'>Amen.</span> 
     </span>
    </p>

    <p class='ocr_par' dir='ltr' id='par_1_4' title="bbox 310 1128 1522 3209">
     <span class='ocr_line' id='line_1_5' title="bbox 400 1128 1518 1215; baseline -0.002 -19"><span class='ocrx_word' id='word_1_17' title='bbox 400 1130 466 1196; x_wconf 89' lang='lat' dir='ltr'>Nos</span> <span class='ocrx_word' id='word_1_18' title='bbox 478 1130 593 1195; x_wconf 84' lang='lat' dir='ltr'>Rector</span> <span class='ocrx_word' id='word_1_19' title='bbox 609 1137 642 1196; x_wconf 90' lang='lat' dir='ltr'>et</span> <span class='ocrx_word' id='word_1_20' title='bbox 654 1130 854 1195; x_wconf 86' lang='lat' dir='ltr'>Vniuersitas</span> <span class='ocrx_word' id='word_1_21' title='bbox 869 1129 966 1194; x_wconf 88' lang='lat' dir='ltr'>studii</span> <span class='ocrx_word' id='word_1_22' title='bbox 982 1128 1139 1214; x_wconf 87' lang='lat' dir='ltr'>generalis</span> <span class='ocrx_word' id='word_1_23' title='bbox 1154 1128 1375 1215; x_wconf 85' lang='lat' dir='ltr'>Tuwingensis</span> <span class='ocrx_word' id='word_1_24' title='bbox 1397 1133 1430 1194; x_wconf 88' lang='lat' dir='ltr'>et</span> <span class='ocrx_word' id='word_1_25' title='bbox 1445 1151 1518 1214; x_wconf 87' lang='lat' dir='ltr'>pre-</span> 
     </span>
     <span class='ocr_line' id='line_1_6' title="bbox 313 1234 1519 1321; baseline -0.002 -19"><span class='ocrx_word' id='word_1_26' title='bbox 313 1237 423 1302; x_wconf 84' lang='lat' dir='ltr'>sertim</span> <span class='ocrx_word' id='word_1_27' title='bbox 435 1235 580 1301; x_wconf 88' lang='lat' dir='ltr'>Decanus</span> <span class='ocrx_word' id='word_1_28' title='bbox 597 1239 630 1300; x_wconf 90' lang='lat' dir='ltr'>et</span> <span class='ocrx_word' id='word_1_29' title='bbox 640 1234 785 1300; x_wconf 81' lang='lat' dir='ltr'>Facultas</span> <span class='ocrx_word' id='word_1_30' title='bbox 796 1235 986 1321; x_wconf 73' lang='lat' dir='ltr'>rl&#39;beclogica</span> <span class='ocrx_word' id='word_1_31' title='bbox 1001 1235 1140 1299; x_wconf 66' lang='lat' dir='ltr'>dusdem</span> <span class='ocrx_word' id='word_1_32' title='bbox 1157 1239 1268 1300; x_wconf 91' lang='lat' dir='ltr'>notum</span> <span class='ocrx_word' id='word_1_33' title='bbox 1284 1255 1352 1300; x_wconf 86' lang='lat' dir='ltr'>esse</span> <span class='ocrx_word' id='word_1_34' title='bbox 1374 1234 1519 1300; x_wconf 85' lang='lat' dir='ltr'>volumus</span> 
     </span>
     <span class='ocr_line' id='line_1_7' title="bbox 313 1337 1521 1427; baseline -0.002 -21"><span class='ocrx_word' id='word_1_35' title='bbox 313 1341 505 1427; x_wconf 88' lang='lat' dir='ltr'>presentium</span> <span class='ocrx_word' id='word_1_36' title='bbox 526 1339 762 1424; x_wconf 73' lang='lat' dir='ltr'>inspectoribus</span> <span class='ocrx_word' id='word_1_37' title='bbox 777 1337 944 1404; x_wconf 88' lang='lat' dir='ltr'>Vniuersis</span> <span class='ocrx_word' id='word_1_38' title='bbox 966 1342 999 1403; x_wconf 90' lang='lat' dir='ltr'>et</span> <span class='ocrx_word' id='word_1_39' title='bbox 1015 1340 1162 1423; x_wconf 89' lang='lat' dir='ltr'>precipue</span> <span class='ocrx_word' id='word_1_40' title='bbox 1183 1338 1256 1417; x_wconf 87' lang='lat' dir='ltr'>hiis,</span> <span class='ocrx_word' id='word_1_41' title='bbox 1280 1361 1358 1424; x_wconf 89' lang='lat' dir='ltr'>quos</span> <span class='ocrx_word' id='word_1_42' title='bbox 1380 1361 1464 1405; x_wconf 89' lang='lat' dir='ltr'>nunc</span> <span class='ocrx_word' id='word_1_43' title='bbox 1487 1344 1521 1404; x_wconf 93' lang='lat' dir='ltr'>et</span> 
     </span>
     <span class='ocr_line' id='line_1_8' title="bbox 312 1442 1518 1529; baseline -0.003 -18"><span class='ocrx_word' id='word_1_44' title='bbox 312 1449 346 1512; x_wconf 91' lang='lat' dir='ltr'>in</span> <span class='ocrx_word' id='word_1_45' title='bbox 368 1447 511 1511; x_wconf 83' lang='lat' dir='ltr'>futurum</span> <span class='ocrx_word' id='word_1_46' title='bbox 533 1467 625 1510; x_wconf 89' lang='lat' dir='ltr'>nosse</span> <span class='ocrx_word' id='word_1_47' title='bbox 646 1445 746 1510; x_wconf 85' lang='lat' dir='ltr'>fuerit</span> <span class='ocrx_word' id='word_1_48' title='bbox 767 1448 966 1529; x_wconf 90' lang='lat' dir='ltr'>oportunum.</span> <span class='ocrx_word' id='word_1_49' title='bbox 1015 1442 1104 1519; x_wconf 83' lang='lat' dir='ltr'>Quod</span> <span class='ocrx_word' id='word_1_50' title='bbox 1127 1465 1198 1508; x_wconf 88' lang='lat' dir='ltr'>cum</span> <span class='ocrx_word' id='word_1_51' title='bbox 1220 1444 1305 1509; x_wconf 87' lang='lat' dir='ltr'>inter</span> <span class='ocrx_word' id='word_1_52' title='bbox 1329 1448 1433 1510; x_wconf 88' lang='lat' dir='ltr'>cetera</span> <span class='ocrx_word' id='word_1_53' title='bbox 1454 1444 1518 1508; x_wconf 90' lang='lat' dir='ltr'>sal-</span> 
     </span>
     <span class='ocr_line' id='line_1_9' title="bbox 317 1547 1519 1635; baseline -0.004 -18"><span class='ocrx_word' id='word_1_54' title='bbox 317 1550 421 1617; x_wconf 87' lang='lat' dir='ltr'>uatori</span> <span class='ocrx_word' id='word_1_55' title='bbox 444 1554 552 1614; x_wconf 87' lang='lat' dir='ltr'>nostro</span> <span class='ocrx_word' id='word_1_56' title='bbox 574 1551 631 1614; x_wconf 89' lang='lat' dir='ltr'>deo</span> <span class='ocrx_word' id='word_1_57' title='bbox 656 1549 825 1635; x_wconf 89' lang='lat' dir='ltr'>prestanda</span> <span class='ocrx_word' id='word_1_58' title='bbox 847 1547 1011 1632; x_wconf 88' lang='lat' dir='ltr'>obsequia,</span> <span class='ocrx_word' id='word_1_59' title='bbox 1038 1569 1074 1612; x_wconf 90' lang='lat' dir='ltr'>ea</span> <span class='ocrx_word' id='word_1_60' title='bbox 1096 1569 1160 1613; x_wconf 92' lang='lat' dir='ltr'>non</span> <span class='ocrx_word' id='word_1_61' title='bbox 1183 1549 1316 1613; x_wconf 89' lang='lat' dir='ltr'>minima</span> <span class='ocrx_word' id='word_1_62' title='bbox 1338 1549 1519 1626; x_wconf 88' lang='lat' dir='ltr'>habeamus,</span> 
     </span>
     <span class='ocr_line' id='line_1_10' title="bbox 312 1652 1520 1742; baseline -0.003 -22"><span class='ocrx_word' id='word_1_63' title='bbox 312 1678 368 1742; x_wconf 88' lang='lat' dir='ltr'>per</span> <span class='ocrx_word' id='word_1_64' title='bbox 390 1677 450 1740; x_wconf 90' lang='lat' dir='ltr'>que</span> <span class='ocrx_word' id='word_1_65' title='bbox 472 1654 631 1718; x_wconf 86' lang='lat' dir='ltr'>katholice</span> <span class='ocrx_word' id='word_1_66' title='bbox 659 1655 732 1720; x_wconf 89' lang='lat' dir='ltr'>fidei</span> <span class='ocrx_word' id='word_1_67' title='bbox 756 1654 890 1719; x_wconf 86' lang='lat' dir='ltr'>archana</span> <span class='ocrx_word' id='word_1_68' title='bbox 916 1652 1070 1738; x_wconf 80' lang='lat' dir='ltr'>cognosci,</span> <span class='ocrx_word' id='word_1_69' title='bbox 1095 1653 1276 1717; x_wconf 90' lang='lat' dir='ltr'>diuinorum</span> <span class='ocrx_word' id='word_1_70' title='bbox 1299 1656 1520 1737; x_wconf 83' lang='lat' dir='ltr'>preceptorum</span> 
     </span>
     <span class='ocr_line' id='line_1_11' title="bbox 313 1757 1519 1842; baseline -0.005 -14"><span class='ocrx_word' id='word_1_71' title='bbox 313 1763 407 1828; x_wconf 87' lang='lat' dir='ltr'>series</span> <span class='ocrx_word' id='word_1_72' title='bbox 438 1758 585 1842; x_wconf 79' lang='lat' dir='ltr'>amplecti</span> <span class='ocrx_word' id='word_1_73' title='bbox 608 1781 644 1824; x_wconf 92' lang='lat' dir='ltr'>ac</span> <span class='ocrx_word' id='word_1_74' title='bbox 676 1761 801 1824; x_wconf 91' lang='lat' dir='ltr'>demum</span> <span class='ocrx_word' id='word_1_75' title='bbox 823 1782 843 1823; x_wconf 93' lang='lat' dir='ltr'>a</span> <span class='ocrx_word' id='word_1_76' title='bbox 865 1757 978 1842; x_wconf 87' lang='lat' dir='ltr'>priscis</span> <span class='ocrx_word' id='word_1_77' title='bbox 1010 1758 1196 1842; x_wconf 86' lang='lat' dir='ltr'>parentibus</span> <span class='ocrx_word' id='word_1_78' title='bbox 1219 1761 1398 1824; x_wconf 88' lang='lat' dir='ltr'>contractus</span> <span class='ocrx_word' id='word_1_79' title='bbox 1420 1757 1519 1823; x_wconf 86' lang='lat' dir='ltr'>fomes</span> 
     </span>
     <span class='ocr_line' id='line_1_12' title="bbox 312 1861 1519 1952; baseline -0.006 -19"><span class='ocrx_word' id='word_1_80' title='bbox 312 1865 465 1952; x_wconf 84' lang='lat' dir='ltr'>restringi</span> <span class='ocrx_word' id='word_1_81' title='bbox 496 1869 623 1949; x_wconf 88' lang='lat' dir='ltr'>queant.</span> <span class='ocrx_word' id='word_1_82' title='bbox 658 1865 733 1929; x_wconf 90' lang='lat' dir='ltr'>hinc</span> <span class='ocrx_word' id='word_1_83' title='bbox 755 1869 803 1929; x_wconf 88' lang='lat' dir='ltr'>est</span> <span class='ocrx_word' id='word_1_84' title='bbox 830 1864 914 1947; x_wconf 92' lang='lat' dir='ltr'>quod</span> <span class='ocrx_word' id='word_1_85' title='bbox 936 1883 994 1927; x_wconf 86' lang='lat' dir='ltr'>nos</span> <span class='ocrx_word' id='word_1_86' title='bbox 1020 1861 1160 1948; x_wconf 87' lang='lat' dir='ltr'>predicte</span> <span class='ocrx_word' id='word_1_87' title='bbox 1183 1861 1384 1927; x_wconf 87' lang='lat' dir='ltr'>Vniuersitas</span> <span class='ocrx_word' id='word_1_88' title='bbox 1407 1866 1440 1928; x_wconf 92' lang='lat' dir='ltr'>et</span> <span class='ocrx_word' id='word_1_89' title='bbox 1471 1864 1519 1926; x_wconf 85' lang='lat' dir='ltr'>fa·</span> 
     </span>
     <span class='ocr_line' id='line_1_13' title="bbox 312 1967 1520 2055; baseline -0.005 -17"><span class='ocrx_word' id='word_1_90' title='bbox 312 1971 412 2038; x_wconf 84' lang='lat' dir='ltr'>cultas</span> <span class='ocrx_word' id='word_1_91' title='bbox 434 1969 613 2055; x_wconf 88' lang='lat' dir='ltr'>theologica</span> <span class='ocrx_word' id='word_1_92' title='bbox 647 1969 808 2053; x_wconf 88' lang='lat' dir='ltr'>cupientes</span> <span class='ocrx_word' id='word_1_93' title='bbox 838 1989 1005 2032; x_wconf 90' lang='lat' dir='ltr'>munerum</span> <span class='ocrx_word' id='word_1_94' title='bbox 1035 1967 1068 2030; x_wconf 93' lang='lat' dir='ltr'>in</span> <span class='ocrx_word' id='word_1_95' title='bbox 1101 1989 1178 2053; x_wconf 87' lang='lat' dir='ltr'>agro</span> <span class='ocrx_word' id='word_1_96' title='bbox 1201 1967 1358 2033; x_wconf 90' lang='lat' dir='ltr'>dominico</span> <span class='ocrx_word' id='word_1_97' title='bbox 1379 1967 1520 2032; x_wconf 89' lang='lat' dir='ltr'>fructum</span> 
     </span>
     <span class='ocr_line' id='line_1_14' title="bbox 313 2071 1519 2163; baseline -0.002 -23"><span class='ocrx_word' id='word_1_98' title='bbox 313 2077 446 2163; x_wconf 84' lang='lat' dir='ltr'>gignere</span> <span class='ocrx_word' id='word_1_99' title='bbox 470 2073 646 2138; x_wconf 88' lang='lat' dir='ltr'>valentium</span> <span class='ocrx_word' id='word_1_100' title='bbox 670 2073 704 2137; x_wconf 92' lang='lat' dir='ltr'>in</span> <span class='ocrx_word' id='word_1_101' title='bbox 727 2073 796 2156; x_wconf 91' lang='lat' dir='ltr'>ipsa</span> <span class='ocrx_word' id='word_1_102' title='bbox 813 2071 991 2158; x_wconf 86' lang='lat' dir='ltr'>theologica</span> <span class='ocrx_word' id='word_1_103' title='bbox 1012 2072 1164 2138; x_wconf 78' lang='lat' dir='ltr'>facultate</span> <span class='ocrx_word' id='word_1_104' title='bbox 1186 2077 1293 2138; x_wconf 87' lang='lat' dir='ltr'>nostre</span> <span class='ocrx_word' id='word_1_105' title='bbox 1319 2073 1519 2139; x_wconf 88' lang='lat' dir='ltr'>Vniuersita-</span> 
     </span>
     <span class='ocr_line' id='line_1_15' title="bbox 313 2177 1520 2265; baseline -0.002 -19"><span class='ocrx_word' id='word_1_106' title='bbox 313 2182 355 2246; x_wconf 91' lang='lat' dir='ltr'>tis</span> <span class='ocrx_word' id='word_1_107' title='bbox 378 2179 544 2265; x_wconf 76' lang='lat' dir='ltr'>adaugeri,</span> <span class='ocrx_word' id='word_1_108' title='bbox 577 2182 731 2262; x_wconf 87' lang='lat' dir='ltr'>quatenus</span> <span class='ocrx_word' id='word_1_109' title='bbox 754 2177 855 2243; x_wconf 88' lang='lat' dir='ltr'>diuini</span> <span class='ocrx_word' id='word_1_110' title='bbox 877 2177 964 2241; x_wconf 83' lang='lat' dir='ltr'>verbi</span> <span class='ocrx_word' id='word_1_111' title='bbox 995 2199 1104 2262; x_wconf 88' lang='lat' dir='ltr'>sparso</span> <span class='ocrx_word' id='word_1_112' title='bbox 1121 2179 1245 2246; x_wconf 88' lang='lat' dir='ltr'>semine</span> <span class='ocrx_word' id='word_1_113' title='bbox 1267 2178 1520 2244; x_wconf 77' lang='lat' dir='ltr'>christicolarum</span> 
     </span>
     <span class='ocr_line' id='line_1_16' title="bbox 312 2281 1516 2370; baseline -0.001 -20"><span class='ocrx_word' id='word_1_114' title='bbox 312 2283 472 2350; x_wconf 86' lang='lat' dir='ltr'>lucrifiant</span> <span class='ocrx_word' id='word_1_115' title='bbox 494 2281 608 2361; x_wconf 87' lang='lat' dir='ltr'>anime,</span> <span class='ocrx_word' id='word_1_116' title='bbox 632 2305 668 2348; x_wconf 90' lang='lat' dir='ltr'>ac</span> <span class='ocrx_word' id='word_1_117' title='bbox 690 2282 819 2347; x_wconf 88' lang='lat' dir='ltr'>tandem</span> <span class='ocrx_word' id='word_1_118' title='bbox 849 2303 1033 2366; x_wconf 89' lang='lat' dir='ltr'>superorum</span> <span class='ocrx_word' id='word_1_119' title='bbox 1056 2283 1177 2370; x_wconf 85' lang='lat' dir='ltr'>agmini</span> <span class='ocrx_word' id='word_1_120' title='bbox 1200 2307 1259 2369; x_wconf 88' lang='lat' dir='ltr'>pro</span> <span class='ocrx_word' id='word_1_121' title='bbox 1281 2285 1438 2369; x_wconf 88' lang='lat' dir='ltr'>captanda</span> <span class='ocrx_word' id='word_1_122' title='bbox 1460 2307 1516 2349; x_wconf 91' lang='lat' dir='ltr'>au·</span> 
     </span>
     <span class='ocr_line' id='line_1_17' title="bbox 311 2387 1520 2474; baseline 0.001 -21"><span class='ocrx_word' id='word_1_123' title='bbox 311 2387 396 2454; x_wconf 90' lang='lat' dir='ltr'>reola</span> <span class='ocrx_word' id='word_1_124' title='bbox 418 2388 620 2466; x_wconf 85' lang='lat' dir='ltr'>associentur,</span> <span class='ocrx_word' id='word_1_125' title='bbox 649 2387 800 2473; x_wconf 85' lang='lat' dir='ltr'>quasdem</span> <span class='ocrx_word' id='word_1_126' title='bbox 822 2387 1036 2453; x_wconf 88' lang='lat' dir='ltr'>ordinationes</span> <span class='ocrx_word' id='word_1_127' title='bbox 1058 2389 1212 2455; x_wconf 88' lang='lat' dir='ltr'>salutares</span> <span class='ocrx_word' id='word_1_128' title='bbox 1237 2389 1383 2474; x_wconf 86' lang='lat' dir='ltr'>deinceps</span> <span class='ocrx_word' id='word_1_129' title='bbox 1407 2409 1520 2474; x_wconf 84' lang='lat' dir='ltr'>perpe·</span> 
     </span>
     <span class='ocr_line' id='line_1_18' title="bbox 310 2492 1521 2578; baseline 0.002 -20"><span class='ocrx_word' id='word_1_130' title='bbox 310 2496 365 2558; x_wconf 91' lang='lat' dir='ltr'>tuo</span> <span class='ocrx_word' id='word_1_131' title='bbox 388 2493 422 2558; x_wconf 92' lang='lat' dir='ltr'>in</span> <span class='ocrx_word' id='word_1_132' title='bbox 445 2493 514 2577; x_wconf 89' lang='lat' dir='ltr'>ipsa</span> <span class='ocrx_word' id='word_1_133' title='bbox 535 2493 687 2558; x_wconf 82' lang='lat' dir='ltr'>facultate</span> <span class='ocrx_word' id='word_1_134' title='bbox 705 2492 884 2578; x_wconf 87' lang='lat' dir='ltr'>theologica</span> <span class='ocrx_word' id='word_1_135' title='bbox 910 2493 1078 2558; x_wconf 78' lang='lat' dir='ltr'>seruandae</span> <span class='ocrx_word' id='word_1_136' title='bbox 1095 2499 1128 2559; x_wconf 92' lang='lat' dir='ltr'>et</span> <span class='ocrx_word' id='word_1_137' title='bbox 1149 2493 1369 2560; x_wconf 88' lang='lat' dir='ltr'>custodiendas</span> <span class='ocrx_word' id='word_1_138' title='bbox 1391 2494 1429 2560; x_wconf 91' lang='lat' dir='ltr'>de</span> <span class='ocrx_word' id='word_1_139' title='bbox 1445 2515 1521 2560; x_wconf 88' lang='lat' dir='ltr'>con-</span> 
     </span>
     <span class='ocr_line' id='line_1_19' title="bbox 312 2597 1520 2683; baseline 0 -19"><span class='ocrx_word' id='word_1_140' title='bbox 312 2619 406 2664; x_wconf 79' lang='lat' dir='ltr'>sensu</span> <span class='ocrx_word' id='word_1_141' title='bbox 436 2598 535 2662; x_wconf 90' lang='lat' dir='ltr'>libero</span> <span class='ocrx_word' id='word_1_142' title='bbox 567 2602 599 2663; x_wconf 87' lang='lat' dir='ltr'>et</span> <span class='ocrx_word' id='word_1_143' title='bbox 626 2619 773 2683; x_wconf 81' lang='lat' dir='ltr'>expresso</span> <span class='ocrx_word' id='word_1_144' title='bbox 795 2597 993 2662; x_wconf 88' lang='lat' dir='ltr'>Venerabilis</span> <span class='ocrx_word' id='word_1_145' title='bbox 1025 2601 1058 2662; x_wconf 88' lang='lat' dir='ltr'>ct</span> <span class='ocrx_word' id='word_1_146' title='bbox 1079 2597 1197 2663; x_wconf 78' lang='lat' dir='ltr'>Erimii</span> <span class='ocrx_word' id='word_1_147' title='bbox 1219 2599 1280 2664; x_wconf 82' lang='lat' dir='ltr'>uiri</span> <span class='ocrx_word' id='word_1_148' title='bbox 1302 2597 1433 2664; x_wconf 90' lang='lat' dir='ltr'>Domini</span> <span class='ocrx_word' id='word_1_149' title='bbox 1455 2599 1520 2665; x_wconf 85' lang='lat' dir='ltr'>Jo-</span> 
     </span>
     <span class='ocr_line' id='line_1_20' title="bbox 312 2701 1521 2790; baseline 0.003 -24"><span class='ocrx_word' id='word_1_150' title='bbox 312 2702 464 2768; x_wconf 89' lang='lat' dir='ltr'>hannis</span> <span class='ocrx_word' id='word_1_151' title='bbox 497 2701 835 2788; x_wconf 74' lang='lat' dir='ltr'>Vergen&#39;nhanns</span> <span class='ocrx_word' id='word_1_152' title='bbox 868 2702 955 2768; x_wconf 86' lang='lat' dir='ltr'>Juris</span> <span class='ocrx_word' id='word_1_153' title='bbox 985 2702 1146 2770; x_wconf 89' lang='lat' dir='ltr'>Pontificii</span> <span class='ocrx_word' id='word_1_154' title='bbox 1169 2704 1332 2782; x_wconf 84' lang='lat' dir='ltr'>Doctoris,</span> <span class='ocrx_word' id='word_1_155' title='bbox 1368 2705 1521 2790; x_wconf 88' lang='lat' dir='ltr'>prepositi</span> 
     </span>
     <span class='ocr_line' id='line_1_21' title="bbox 312 2807 1521 2897; baseline 0.002 -25"><span class='ocrx_word' id='word_1_156' title='bbox 312 2807 450 2872; x_wconf 80' lang='lat' dir='ltr'>Ecclesia</span> <span class='ocrx_word' id='word_1_157' title='bbox 468 2807 639 2893; x_wconf 85' lang='lat' dir='ltr'>Oollegiate</span> <span class='ocrx_word' id='word_1_158' title='bbox 650 2807 838 2872; x_wconf 83' lang='lat' dir='ltr'>Rectissime</span> <span class='ocrx_word' id='word_1_159' title='bbox 861 2807 995 2894; x_wconf 86' lang='lat' dir='ltr'>virginis</span> <span class='ocrx_word' id='word_1_160' title='bbox 1015 2807 1117 2874; x_wconf 83' lang='lat' dir='ltr'>Maris</span> <span class='ocrx_word' id='word_1_161' title='bbox 1131 2808 1382 2894; x_wconf 67' lang='lat' dir='ltr'>sanctorumque</span> <span class='ocrx_word' id='word_1_162' title='bbox 1391 2809 1521 2897; x_wconf 84' lang='lat' dir='ltr'>Georgii</span> 
     </span>
     <span class='ocr_line' id='line_1_22' title="bbox 315 2911 1521 3000; baseline 0.001 -23"><span class='ocrx_word' id='word_1_163' title='bbox 315 2916 347 2977; x_wconf 89' lang='lat' dir='ltr'>et</span> <span class='ocrx_word' id='word_1_164' title='bbox 358 2911 492 2978; x_wconf 89' lang='lat' dir='ltr'>Martini</span> <span class='ocrx_word' id='word_1_165' title='bbox 507 2913 610 2977; x_wconf 88' lang='lat' dir='ltr'>nostri</span> <span class='ocrx_word' id='word_1_166' title='bbox 625 2914 686 2979; x_wconf 91' lang='lat' dir='ltr'>loci</span> <span class='ocrx_word' id='word_1_167' title='bbox 697 2913 883 3000; x_wconf 77' lang='lat' dir='ltr'>Tuwingen,</span> <span class='ocrx_word' id='word_1_168' title='bbox 907 2936 965 2979; x_wconf 89' lang='lat' dir='ltr'>nec</span> <span class='ocrx_word' id='word_1_169' title='bbox 980 2936 1044 2979; x_wconf 88' lang='lat' dir='ltr'>non</span> <span class='ocrx_word' id='word_1_170' title='bbox 1067 2914 1149 2979; x_wconf 90' lang='lat' dir='ltr'>dicte</span> <span class='ocrx_word' id='word_1_171' title='bbox 1172 2919 1281 2979; x_wconf 88' lang='lat' dir='ltr'>nostre</span> <span class='ocrx_word' id='word_1_172' title='bbox 1292 2914 1521 2980; x_wconf 86' lang='lat' dir='ltr'>Vniuersitatis</span> 
     </span>
     <span class='ocr_line' id='line_1_23' title="bbox 313 3010 1522 3105; baseline 0.002 -23"><span class='ocrx_word' id='word_1_173' title='bbox 313 3015 500 3084; x_wconf 77' lang='lat' dir='ltr'>Cancellarii</span> <span class='ocrx_word' id='word_1_174' title='bbox 522 3010 688 3103; x_wconf 85' lang='lat' dir='ltr'>apostolici</span> <span class='ocrx_word' id='word_1_175' title='bbox 710 3019 905 3084; x_wconf 88' lang='lat' dir='ltr'>condidimus</span> <span class='ocrx_word' id='word_1_176' title='bbox 922 3019 1052 3084; x_wconf 82' lang='lat' dir='ltr'>fecimus</span> <span class='ocrx_word' id='word_1_177' title='bbox 1076 3024 1108 3084; x_wconf 90' lang='lat' dir='ltr'>et</span> <span class='ocrx_word' id='word_1_178' title='bbox 1122 3019 1320 3085; x_wconf 85' lang='lat' dir='ltr'>instituimus</span> <span class='ocrx_word' id='word_1_179' title='bbox 1343 3020 1522 3105; x_wconf 87' lang='lat' dir='ltr'>subscripta</span> 
     </span>
     <span class='ocr_line' id='line_1_24' title="bbox 313 3121 1519 3209; baseline 0.002 -23"><span class='ocrx_word' id='word_1_180' title='bbox 313 3126 431 3206; x_wconf 87' lang='lat' dir='ltr'>puncta</span> <span class='ocrx_word' id='word_1_181' title='bbox 452 3125 484 3186; x_wconf 92' lang='lat' dir='ltr'>et</span> <span class='ocrx_word' id='word_1_182' title='bbox 505 3121 644 3207; x_wconf 89' lang='lat' dir='ltr'>capitula</span> <span class='ocrx_word' id='word_1_183' title='bbox 665 3123 807 3188; x_wconf 87' lang='lat' dir='ltr'>seriatim</span> <span class='ocrx_word' id='word_1_184' title='bbox 829 3121 867 3186; x_wconf 91' lang='lat' dir='ltr'>de</span> <span class='ocrx_word' id='word_1_185' title='bbox 881 3122 977 3187; x_wconf 81' lang='lat' dir='ltr'>verbo</span> <span class='ocrx_word' id='word_1_186' title='bbox 999 3123 1186 3189; x_wconf 85' lang='lat' dir='ltr'>adverbum</span> <span class='ocrx_word' id='word_1_187' title='bbox 1209 3122 1519 3209; x_wconf 88' lang='lat' dir='ltr'>comprehendentes.</span> 
     </span>
    </p>

    <p class='ocr_par' dir='ltr' id='par_1_5' title="bbox 311 3224 1523 4578">
     <span class='ocr_line' id='line_1_25' title="bbox 404 3224 1521 3313; baseline 0.002 -23"><span class='ocrx_word' id='word_1_188' title='bbox 404 3224 444 3290; x_wconf 93' lang='lat' dir='ltr'>In</span> <span class='ocrx_word' id='word_1_189' title='bbox 473 3227 585 3313; x_wconf 88' lang='lat' dir='ltr'>primis</span> <span class='ocrx_word' id='word_1_190' title='bbox 612 3227 718 3311; x_wconf 88' lang='lat' dir='ltr'>itaque</span> <span class='ocrx_word' id='word_1_191' title='bbox 748 3227 781 3292; x_wconf 91' lang='lat' dir='ltr'>in</span> <span class='ocrx_word' id='word_1_192' title='bbox 812 3227 898 3292; x_wconf 90' lang='lat' dir='ltr'>illius</span> <span class='ocrx_word' id='word_1_193' title='bbox 929 3228 1059 3291; x_wconf 89' lang='lat' dir='ltr'>nomine</span> <span class='ocrx_word' id='word_1_194' title='bbox 1088 3228 1217 3292; x_wconf 88' lang='lat' dir='ltr'>initium</span> <span class='ocrx_word' id='word_1_195' title='bbox 1250 3234 1432 3305; x_wconf 88' lang='lat' dir='ltr'>sumentes,</span> <span class='ocrx_word' id='word_1_196' title='bbox 1465 3231 1521 3313; x_wconf 90' lang='lat' dir='ltr'>qui</span> 
     </span>
     <span class='ocr_line' id='line_1_26' title="bbox 312 3329 1521 3416; baseline 0.002 -21"><span class='ocrx_word' id='word_1_197' title='bbox 312 3329 480 3396; x_wconf 84' lang='lat' dir='ltr'>cuiuslibet</span> <span class='ocrx_word' id='word_1_198' title='bbox 502 3331 578 3396; x_wconf 90' lang='lat' dir='ltr'>boni</span> <span class='ocrx_word' id='word_1_199' title='bbox 599 3332 701 3416; x_wconf 87' lang='lat' dir='ltr'>operis</span> <span class='ocrx_word' id='word_1_200' title='bbox 724 3335 902 3397; x_wconf 89' lang='lat' dir='ltr'>auctorest</span> <span class='ocrx_word' id='word_1_201' title='bbox 925 3335 956 3397; x_wconf 92' lang='lat' dir='ltr'>et</span> <span class='ocrx_word' id='word_1_202' title='bbox 979 3336 1141 3416; x_wconf 86' lang='lat' dir='ltr'>patrator,</span> <span class='ocrx_word' id='word_1_203' title='bbox 1172 3333 1316 3397; x_wconf 86' lang='lat' dir='ltr'>volumus</span> <span class='ocrx_word' id='word_1_204' title='bbox 1340 3337 1372 3398; x_wconf 91' lang='lat' dir='ltr'>et</span> <span class='ocrx_word' id='word_1_205' title='bbox 1394 3334 1521 3398; x_wconf 91' lang='lat' dir='ltr'>ordina·</span> 
     </span>
     <span class='ocr_line' id='line_1_27' title="bbox 312 3435 1521 3522; baseline 0.002 -22"><span class='ocrx_word' id='word_1_206' title='bbox 312 3457 383 3501; x_wconf 89' lang='lat' dir='ltr'>mus</span> <span class='ocrx_word' id='word_1_207' title='bbox 405 3437 487 3520; x_wconf 88' lang='lat' dir='ltr'>quod</span> <span class='ocrx_word' id='word_1_208' title='bbox 510 3437 548 3501; x_wconf 91' lang='lat' dir='ltr'>de</span> <span class='ocrx_word' id='word_1_209' title='bbox 579 3440 681 3501; x_wconf 87' lang='lat' dir='ltr'>cetero</span> <span class='ocrx_word' id='word_1_210' title='bbox 709 3436 744 3500; x_wconf 92' lang='lat' dir='ltr'>in</span> <span class='ocrx_word' id='word_1_211' title='bbox 766 3439 876 3501; x_wconf 84' lang='lat' dir='ltr'>nostm</span> <span class='ocrx_word' id='word_1_212' title='bbox 901 3435 1052 3500; x_wconf 81' lang='lat' dir='ltr'>facultate</span> <span class='ocrx_word' id='word_1_213' title='bbox 1076 3435 1254 3522; x_wconf 87' lang='lat' dir='ltr'>theologica</span> <span class='ocrx_word' id='word_1_214' title='bbox 1276 3436 1419 3520; x_wconf 87' lang='lat' dir='ltr'>predicta</span> <span class='ocrx_word' id='word_1_215' title='bbox 1442 3459 1521 3521; x_wconf 85' lang='lat' dir='ltr'>qua·</span> 
     </span>
     <span class='ocr_line' id='line_1_28' title="bbox 312 3539 1523 3627; baseline 0.001 -22"><span class='ocrx_word' id='word_1_216' title='bbox 312 3545 386 3605; x_wconf 88' lang='lat' dir='ltr'>tuor</span> <span class='ocrx_word' id='word_1_217' title='bbox 414 3539 591 3606; x_wconf 86' lang='lat' dir='ltr'>habeantur</span> <span class='ocrx_word' id='word_1_218' title='bbox 614 3540 762 3626; x_wconf 87' lang='lat' dir='ltr'>Magistri</span> <span class='ocrx_word' id='word_1_219' title='bbox 785 3540 944 3627; x_wconf 90' lang='lat' dir='ltr'>theologie</span> <span class='ocrx_word' id='word_1_220' title='bbox 966 3540 1135 3620; x_wconf 86' lang='lat' dir='ltr'>ordinarii,</span> <span class='ocrx_word' id='word_1_221' title='bbox 1171 3541 1232 3606; x_wconf 92' lang='lat' dir='ltr'>duo</span> <span class='ocrx_word' id='word_1_222' title='bbox 1255 3541 1388 3625; x_wconf 89' lang='lat' dir='ltr'>inquam</span> <span class='ocrx_word' id='word_1_223' title='bbox 1411 3541 1448 3606; x_wconf 91' lang='lat' dir='ltr'>de</span> <span class='ocrx_word' id='word_1_224' title='bbox 1470 3541 1523 3606; x_wconf 81' lang='lat' dir='ltr'>via</span> 
     </span>
     <span class='ocr_line' id='line_1_29' title="bbox 313 3645 1523 3731; baseline 0.002 -22"><span class='ocrx_word' id='word_1_225' title='bbox 313 3645 444 3710; x_wconf 85' lang='lat' dir='ltr'>realium</span> <span class='ocrx_word' id='word_1_226' title='bbox 467 3650 499 3710; x_wconf 91' lang='lat' dir='ltr'>et</span> <span class='ocrx_word' id='word_1_227' title='bbox 522 3647 583 3711; x_wconf 88' lang='lat' dir='ltr'>duo</span> <span class='ocrx_word' id='word_1_228' title='bbox 606 3647 644 3711; x_wconf 90' lang='lat' dir='ltr'>de</span> <span class='ocrx_word' id='word_1_229' title='bbox 665 3647 718 3711; x_wconf 85' lang='lat' dir='ltr'>ria</span> <span class='ocrx_word' id='word_1_230' title='bbox 738 3646 977 3725; x_wconf 88' lang='lat' dir='ltr'>modernorum,</span> <span class='ocrx_word' id='word_1_231' title='bbox 1002 3647 1177 3731; x_wconf 88' lang='lat' dir='ltr'>dequibus</span> <span class='ocrx_word' id='word_1_232' title='bbox 1201 3647 1271 3725; x_wconf 90' lang='lat' dir='ltr'>duo,</span> <span class='ocrx_word' id='word_1_233' title='bbox 1299 3667 1379 3711; x_wconf 86' lang='lat' dir='ltr'>vnus</span> <span class='ocrx_word' id='word_1_234' title='bbox 1402 3647 1523 3712; x_wconf 82' lang='lat' dir='ltr'>scilicet</span> 
     </span>
     <span class='ocr_line' id='line_1_30' title="bbox 312 3751 1522 3836; baseline -0.003 -16"><span class='ocrx_word' id='word_1_235' title='bbox 312 3754 460 3830; x_wconf 89' lang='lat' dir='ltr'>realista,</span> <span class='ocrx_word' id='word_1_236' title='bbox 493 3753 574 3818; x_wconf 88' lang='lat' dir='ltr'>alter</span> <span class='ocrx_word' id='word_1_237' title='bbox 595 3752 764 3818; x_wconf 89' lang='lat' dir='ltr'>modernus</span> <span class='ocrx_word' id='word_1_238' title='bbox 787 3753 937 3818; x_wconf 88' lang='lat' dir='ltr'>ducentos</span> <span class='ocrx_word' id='word_1_239' title='bbox 959 3752 1098 3818; x_wconf 88' lang='lat' dir='ltr'>habeant</span> <span class='ocrx_word' id='word_1_240' title='bbox 1118 3752 1271 3829; x_wconf 87' lang='lat' dir='ltr'>florenos,</span> <span class='ocrx_word' id='word_1_241' title='bbox 1305 3751 1338 3816; x_wconf 88' lang='lat' dir='ltr'>in</span> <span class='ocrx_word' id='word_1_242' title='bbox 1362 3751 1522 3836; x_wconf 88' lang='lat' dir='ltr'>stipendio</span> 
     </span>
     <span class='ocr_line' id='line_1_31' title="bbox 313 3839 1522 3944; baseline -0.002 -21"><span class='ocrx_word' id='word_1_243' title='bbox 313 3839 394 3944; x_wconf 75' lang='lat' dir='ltr'>equa</span> <span class='ocrx_word' id='word_1_244' title='bbox 415 3858 563 3943; x_wconf 90' lang='lat' dir='ltr'>porcione</span> <span class='ocrx_word' id='word_1_245' title='bbox 587 3857 670 3923; x_wconf 90' lang='lat' dir='ltr'>inter</span> <span class='ocrx_word' id='word_1_246' title='bbox 701 3881 752 3924; x_wconf 87' lang='lat' dir='ltr'>eos</span> <span class='ocrx_word' id='word_1_247' title='bbox 775 3858 977 3938; x_wconf 89' lang='lat' dir='ltr'>diuidendos,</span> <span class='ocrx_word' id='word_1_248' title='bbox 1008 3858 1064 3923; x_wconf 93' lang='lat' dir='ltr'>alii</span> <span class='ocrx_word' id='word_1_249' title='bbox 1087 3859 1148 3922; x_wconf 89' lang='lat' dir='ltr'>duo</span> <span class='ocrx_word' id='word_1_250' title='bbox 1170 3861 1299 3922; x_wconf 87' lang='lat' dir='ltr'>centurn</span> <span class='ocrx_word' id='word_1_251' title='bbox 1321 3856 1457 3922; x_wconf 89' lang='lat' dir='ltr'>florenos</span> <span class='ocrx_word' id='word_1_252' title='bbox 1479 3857 1522 3922; x_wconf 91' lang='lat' dir='ltr'>si-</span> 
     </span>
     <span class='ocr_line' id='line_1_32' title="bbox 311 3962 1523 4048; baseline -0.002 -20"><span class='ocrx_word' id='word_1_253' title='bbox 311 3962 433 4029; x_wconf 88' lang='lat' dir='ltr'>militer</span> <span class='ocrx_word' id='word_1_254' title='bbox 456 3963 540 4027; x_wconf 88' lang='lat' dir='ltr'>inter</span> <span class='ocrx_word' id='word_1_255' title='bbox 562 3984 595 4028; x_wconf 90' lang='lat' dir='ltr'>se</span> <span class='ocrx_word' id='word_1_256' title='bbox 618 3963 858 4029; x_wconf 86' lang='lat' dir='ltr'>distribuendos.</span> <span class='ocrx_word' id='word_1_257' title='bbox 883 3963 943 4040; x_wconf 81' lang='lat' dir='ltr'>oui</span> <span class='ocrx_word' id='word_1_258' title='bbox 961 3969 1096 4048; x_wconf 89' lang='lat' dir='ltr'>quatuor</span> <span class='ocrx_word' id='word_1_259' title='bbox 1118 3963 1272 4029; x_wconf 89' lang='lat' dir='ltr'>ordinarii</span> <span class='ocrx_word' id='word_1_260' title='bbox 1294 3963 1451 4027; x_wconf 91' lang='lat' dir='ltr'>curabunt</span> <span class='ocrx_word' id='word_1_261' title='bbox 1473 3967 1523 4027; x_wconf 87' lang='lat' dir='ltr'>at·</span> 
     </span>
     <span class='ocr_line' id='line_1_33' title="bbox 313 4065 1522 4155; baseline 0 -23"><span class='ocrx_word' id='word_1_262' title='bbox 313 4089 373 4152; x_wconf 91' lang='lat' dir='ltr'>que</span> <span class='ocrx_word' id='word_1_263' title='bbox 395 4065 617 4153; x_wconf 79' lang='lat' dir='ltr'>procidebant,</span> <span class='ocrx_word' id='word_1_264' title='bbox 643 4071 725 4153; x_wconf 87' lang='lat' dir='ltr'>quod</span> <span class='ocrx_word' id='word_1_265' title='bbox 748 4069 883 4154; x_wconf 89' lang='lat' dir='ltr'>singulis</span> <span class='ocrx_word' id='word_1_266' title='bbox 900 4069 1019 4147; x_wconf 89' lang='lat' dir='ltr'>diebus,</span> <span class='ocrx_word' id='word_1_267' title='bbox 1044 4069 1159 4155; x_wconf 87' lang='lat' dir='ltr'>quibus</span> <span class='ocrx_word' id='word_1_268' title='bbox 1185 4070 1337 4134; x_wconf 88' lang='lat' dir='ltr'>hactenus</span> <span class='ocrx_word' id='word_1_269' title='bbox 1359 4069 1424 4154; x_wconf 89' lang='lat' dir='ltr'>legi</span> <span class='ocrx_word' id='word_1_270' title='bbox 1446 4089 1522 4133; x_wconf 85' lang='lat' dir='ltr'>con·</span> 
     </span>
     <span class='ocr_line' id='line_1_34' title="bbox 312 4171 1523 4262; baseline 0.001 -27"><span class='ocrx_word' id='word_1_271' title='bbox 312 4171 416 4236; x_wconf 85' lang='lat' dir='ltr'>saeuit</span> <span class='ocrx_word' id='word_1_272' title='bbox 447 4173 606 4238; x_wconf 91' lang='lat' dir='ltr'>ordinarie</span> <span class='ocrx_word' id='word_1_273' title='bbox 628 4174 661 4239; x_wconf 92' lang='lat' dir='ltr'>in</span> <span class='ocrx_word' id='word_1_274' title='bbox 685 4173 864 4262; x_wconf 86' lang='lat' dir='ltr'>theologia,</span> <span class='ocrx_word' id='word_1_275' title='bbox 895 4197 952 4258; x_wconf 89' lang='lat' dir='ltr'>per</span> <span class='ocrx_word' id='word_1_276' title='bbox 982 4196 1082 4238; x_wconf 81' lang='lat' dir='ltr'>vnum</span> <span class='ocrx_word' id='word_1_277' title='bbox 1110 4195 1148 4238; x_wconf 87' lang='lat' dir='ltr'>ex</span> <span class='ocrx_word' id='word_1_278' title='bbox 1172 4174 1216 4239; x_wconf 87' lang='lat' dir='ltr'>eis</span> <span class='ocrx_word' id='word_1_279' title='bbox 1248 4195 1305 4239; x_wconf 89' lang='lat' dir='ltr'>suo</span> <span class='ocrx_word' id='word_1_280' title='bbox 1328 4173 1438 4238; x_wconf 88' lang='lat' dir='ltr'>ordine</span> <span class='ocrx_word' id='word_1_281' title='bbox 1460 4194 1523 4236; x_wconf 78' lang='lat' dir='ltr'>rna</span> 
     </span>
     <span class='ocr_line' id='line_1_35' title="bbox 315 4277 1522 4365; baseline 0 -23"><span class='ocrx_word' id='word_1_282' title='bbox 315 4277 497 4362; x_wconf 86' lang='lat' dir='ltr'>perficiatur</span> <span class='ocrx_word' id='word_1_283' title='bbox 520 4277 613 4344; x_wconf 90' lang='lat' dir='ltr'>lectio</span> <span class='ocrx_word' id='word_1_284' title='bbox 635 4281 804 4346; x_wconf 90' lang='lat' dir='ltr'>ordinaria.</span> <span class='ocrx_word' id='word_1_285' title='bbox 829 4279 975 4364; x_wconf 89' lang='lat' dir='ltr'>Denique</span> <span class='ocrx_word' id='word_1_286' title='bbox 991 4281 1052 4345; x_wconf 92' lang='lat' dir='ltr'>duo</span> <span class='ocrx_word' id='word_1_287' title='bbox 1074 4281 1167 4345; x_wconf 88' lang='lat' dir='ltr'>vnius</span> <span class='ocrx_word' id='word_1_288' title='bbox 1190 4281 1240 4346; x_wconf 84' lang='lat' dir='ltr'>vie</span> <span class='ocrx_word' id='word_1_289' title='bbox 1262 4279 1410 4365; x_wconf 87' lang='lat' dir='ltr'>magistri</span> <span class='ocrx_word' id='word_1_290' title='bbox 1432 4299 1522 4342; x_wconf 79' lang='lat' dir='ltr'>ema-</span> 
     </span>
     <span class='ocr_line' id='line_1_36' title="bbox 313 4381 1523 4471; baseline 0.001 -27"><span class='ocrx_word' id='word_1_291' title='bbox 313 4381 404 4459; x_wconf 88' lang='lat' dir='ltr'>bunt,</span> <span class='ocrx_word' id='word_1_292' title='bbox 427 4381 511 4466; x_wconf 91' lang='lat' dir='ltr'>quod</span> <span class='ocrx_word' id='word_1_293' title='bbox 534 4406 590 4468; x_wconf 87' lang='lat' dir='ltr'>per</span> <span class='ocrx_word' id='word_1_294' title='bbox 612 4405 645 4448; x_wconf 88' lang='lat' dir='ltr'>se</span> <span class='ocrx_word' id='word_1_295' title='bbox 666 4408 728 4450; x_wconf 89' lang='lat' dir='ltr'>vna</span> <span class='ocrx_word' id='word_1_296' title='bbox 751 4386 928 4471; x_wconf 88' lang='lat' dir='ltr'>theologica</span> <span class='ocrx_word' id='word_1_297' title='bbox 943 4386 1115 4470; x_wconf 89' lang='lat' dir='ltr'>resumptio</span> <span class='ocrx_word' id='word_1_298' title='bbox 1131 4386 1274 4470; x_wconf 89' lang='lat' dir='ltr'>quolibet</span> <span class='ocrx_word' id='word_1_299' title='bbox 1288 4385 1347 4462; x_wconf 89' lang='lat' dir='ltr'>die,</span> <span class='ocrx_word' id='word_1_300' title='bbox 1372 4405 1434 4468; x_wconf 89' lang='lat' dir='ltr'>quo</span> <span class='ocrx_word' id='word_1_301' title='bbox 1456 4381 1523 4467; x_wconf 89' lang='lat' dir='ltr'>legi</span> 
     </span>
     <span class='ocr_line' id='line_1_37' title="bbox 312 4487 1522 4578; baseline -0.002 -24"><span class='ocrx_word' id='word_1_302' title='bbox 312 4487 394 4554; x_wconf 81' lang='lat' dir='ltr'>solet</span> <span class='ocrx_word' id='word_1_303' title='bbox 417 4487 585 4569; x_wconf 86' lang='lat' dir='ltr'>ordinarie,</span> <span class='ocrx_word' id='word_1_304' title='bbox 609 4511 667 4574; x_wconf 90' lang='lat' dir='ltr'>pro</span> <span class='ocrx_word' id='word_1_305' title='bbox 691 4512 745 4554; x_wconf 90' lang='lat' dir='ltr'>sue</span> <span class='ocrx_word' id='word_1_306' title='bbox 767 4490 817 4556; x_wconf 82' lang='lat' dir='ltr'>rie</span> <span class='ocrx_word' id='word_1_307' title='bbox 839 4489 1037 4578; x_wconf 80' lang='lat' dir='ltr'>auditoribus</span> <span class='ocrx_word' id='word_1_308' title='bbox 1053 4491 1243 4575; x_wconf 87' lang='lat' dir='ltr'>perficiatur,</span> <span class='ocrx_word' id='word_1_309' title='bbox 1268 4493 1300 4554; x_wconf 91' lang='lat' dir='ltr'>et</span> <span class='ocrx_word' id='word_1_310' title='bbox 1323 4488 1408 4552; x_wconf 86' lang='lat' dir='ltr'>idem</span> <span class='ocrx_word' id='word_1_311' title='bbox 1430 4507 1522 4552; x_wconf 88' lang='lat' dir='ltr'>cura-</span> 
     </span>
    </p>
   </div>
   <div class='ocr_carea' id='block_1_4' title="bbox 0 0 1739 5320">
    <p class='ocr_par' dir='ltr' id='par_1_6' title="bbox 0 0 1739 5320">
     <span class='ocr_line' id='line_1_38' title="bbox 0 0 1739 5320; baseline 0 0"><span class='ocrx_word' id='word_1_312' title='bbox 0 0 1739 5320; x_wconf 95' lang='lat' dir='ltr'> </span> 
     </span>
    </p>
   </div>
  </div>
 </body>
</html>
