3504 5322
336 453 401 518 424
886 443 988 500 Bursa·

335 632 406 675 cum
434 606 562 694 capucio
593 603 729 671 clericali
759 605 827 670 sine
854 604 973 670 birreto
986 601 1013 682 ¹,
1044 603 1182 687 exeeptis
1204 602 1361 687 religiosis
1386 605 1418 666 et
1441 601 1539 666 saeris

335 714 489 790 initiatis,
525 712 584 777 sub
615 733 696 797 pena
726 710 839 775 statuti
870 710 990 775 tociens
1013 709 1161 793 quociens
1184 708 1300 792 aliquis
1322 708 1536 792 predictorum

334 823 549 905 transgressor
564 821 741 902 compertus
755 816 861 880 fuerit.
900 814 1020 891 Quibus
1036 815 1181 901 magistri
1204 814 1237 878 in
1260 813 1441 878 visitatione
1463 812 1539 875 bur·

334 923 393 988 sali
416 923 605 1008 interrogati
627 944 683 1005 per
705 942 812 986 eorum
836 919 930 984 fidem
954 920 1142 1004 respondere
1159 921 1309 984 tenentur
1325 919 1357 982 et
1372 916 1536 981 veritatem

334 1025 468 1094 dicere'.

420 1132 503 1198 Item
524 1132 722 1209 ordinamus,
757 1135 794 1196 ut
823 1131 926 1214 quivis
950 1130 1175 1216 magistrorum
1198 1127 1236 1192 de
1259 1125 1392 1191 consilio
1416 1126 1536 1191 artium

335 1237 497 1304 facultatis
519 1237 647 1302 intersit
669 1235 922 1302 visitationi
945 1234 1129 1310 bursali‚
1159 1231 1218 1296 sub
1242 1253 1326 1316 pena
1348 1230 1537 1315 privationis

335 1342 432 1408 officii
450 1343 500 1407 sui
515 1343 584 1427 ipso
599 1341 693 1420 facto,
716 1342 778 1406 nisi
802 1363 873 1406 eum
897 1340 1027 1405 licencia
1050 1340 1190 1404 omnium
1208 1336 1538 1422 superintendentium

333 1469 387 1512 sue
410 1448 469 1512 vie.
515 1446 584 1523 Qua
604 1446 714 1511 habita
736 1469 808 1512 cum
838 1445 967 1510 redierit
996 1448 1123 1510 tenetur
1145 1442 1371 1508 nichilominus
1399 1443 1536 1506 interro·

335 1554 429 1637 gatus
453 1573 547 1635 super
569 1550 716 1616 omnibus
738 1551 925 1636 respondere
947 1553 984 1616 ut
1005 1550 1101 1616 ceteri
1123 1551 1293 1634 presentes.

424 1654 503 1720 Item
528 1656 733 1742 magistri
755 1659 947 1720 rectores
975 1653 1187 1740 pedagogi
1222 1651 1358 1738 singulis
1382 1650 1537 1715 mutacio-

336 1759 433 1824 nibus
456 1759 561 1825 officia
595 1782 652 1825 sua
684 1760 716 1823 in
747 1779 860 1823 manus
887 1757 1215 1842 superintendencium
1249 1761 1282 1822 et
1313 1760 1539 1822 conuentorum

338 1865 502 1949 resignent
524 1867 557 1930 et
578 1885 630 1928 eos
661 1865 699 1928 ed
722 1866 972 1930 continuandum
1001 1865 1181 1950 hujusmodi
1210 1865 1317 1930 officia
1338 1887 1395 1929 sua
1416 1866 1538 1948 petant,

342 1969 368 2032 si
391 1969 500 2035 velint.
546 1968 635 2034 Idem
649 1970 838 2035 uniuersitas
863 1971 899 2035 de
922 1971 1073 2054 deputato
1095 1979 1367 2054 resumptore
1389 1969 1461 2032 uult
1482 1967 1538 2032 ob·

339 2072 467 2136 seruari.
514 2071 631 2138 Omnes
654 2073 814 2159 collegiati
831 2075 977 2140 electioni
1001 2074 1289 2160 pedagogiste
1311 2075 1463 2138 interesse
1485 2073 1538 2137 de-
1600 2057 1605 2072 ⁸

340 2161 461 2242 bebuut
483 2182 516 2240 et
537 2177 576 2241 ad
599 2178 630 2242 id
653 2180 756 2244 vocari
781 2179 916 2263 quilibet
939 2180 973 2242 in
995 2179 1047 2243 via
1070 2201 1135 2243 sua.

423 2282 505 2346 Item
528 2285 634 2348 iunior
656 2289 885 2349 conuentorum
901 2284 1080 2349 inhabitare
1095 2284 1187 2348 debet
1211 2283 1374 2349 stubam
1396 2305 1539 2348 versus

338 2389 519 2468 curiam,
542 2389 601 2453 sub
624 2411 708 2473 pena
729 2390 922 2474 priuaeionis
945 2389 1051 2454 officii.

425 2493 625 2558 Vniuersitas
656 2499 850 2580 congregata
880 2516 935 2578 per
964 2495 1182 2577 juramentum
1213 2494 1365 2559 conclusit
1394 2494 1539 2558 concordi

337 2602 430 2676 voto,
464 2598 546 2680 quod
570 2599 608 2663 de
630 2603 733 2664 cetero
756 2599 788 2662 in
813 2598 1213 2682 eomputacionibus
1236 2597 1396 2662 facultatis
1420 2599 1538 2663 artium

336 2703 375 2766 ad
411 2703 581 2767 minimum
615 2704 677 2769 duo
713 2703 750 2767 de
781 2702 1114 2787 superintendentibus
1153 2703 1306 2768 interesse
1339 2703 1472 2768 debeant
1506 2707 1538 2766 et

337 2808 515 2872 teneantur.

426 2911 574 2976 Preterea
596 2912 704 2978 eodem
728 2912 778 2976 die
800 2912 888 2976 dedit
910 2911 1098 2977 uniuersitas
1121 2913 1249 2997 plenam
1272 2915 1458 2996 potestatem
1482 2912 1538 2977 do-

335 3016 432 3081 minis
455 3017 786 3101 superintendentibus
809 3017 1049 3102 deponendi
1073 3022 1354 3083 concentores
1375 3019 1466 3101 juxta
1487 3041 1538 3082 ar·

335 3121 467 3186 bitrium
489 3121 602 3186 merito
625 3143 767 3188 excessus
785 3123 957 3188 eorundem
980 3127 1012 3188 et
1034 3123 1129 3187 etiam
1146 3123 1334 3208 disponendi
1356 3124 1437 3189 circa
1461 3124 1537 3188 bur·

337 3249 387 3292 sas
412 3231 443 3290 et
465 3227 607 3312 regimen
633 3228 800 3293 bursarum
824 3233 918 3312 prout
940 3228 1018 3311 ipsis
1035 3228 1137 3292 visum
1152 3228 1250 3293 fuerit
1265 3228 1421 3312 expedire.
1460 3227 1539 3293 Casu

337 3335 453 3409 autem,
477 3353 539 3415 quo
562 3330 696 3415 predicti
719 3332 1015 3416 superintendentes
1048 3332 1109 3396 duo
1131 3333 1214 3396 circa
1237 3331 1416 3416 hujusmodi
1440 3334 1538 3398 desti-

336 3436 495 3501 tucionem
518 3435 743 3514 discordarent,
767 3436 883 3501 debent
905 3437 942 3500 ad
967 3458 999 3500 se
1021 3457 1132 3500 vocare
1154 3437 1308 3516 seniorem
1336 3437 1539 3522 collegiatam

337 3542 386 3606 vie
409 3540 611 3606 conuentoris
635 3540 846 3618 destituendi,
870 3542 988 3625 absque
1006 3542 1234 3624 justificatione
1255 3542 1460 3608 autoritativa
1489 3543 1538 3607 vel

333 3647 501 3731 judiciaria
523 3647 736 3730 cuiuscunque
747 3644 769 3710 ³.

408 3819 422 3872 1
441 3817 498 3872 Dos
518 3818 617 3873 Barett
636 3818 744 3873 kommt
759 3837 811 3872 nur
830 3818 884 3874 den
897 3818 1109 3874 Promovierten
1127 3837 1169 3872 zu.
1206 3817 1377 3874 Gleiehwcbl
1397 3820 1478 3875 hatte
1496 3820 1541 3875 die

336 3906 512 3962 Universittt
524 3907 607 3962 sebon
623 3907 690 3961 1488
703 3907 829 3963 dasselbe
842 3907 895 3962 den
909 3906 1088 3962 Becealaurei
1107 3907 1164 3960 und
1177 3906 1329 3972 scholares,
1347 3907 1378 3961 in
1391 3907 1540 3962 Ueberein-

335 3994 492 4063 stimmung
510 3993 563 4048 mit
588 3995 678 4049 einem
697 3994 841 4048 Beschluss
859 3994 909 4048 der
926 3993 1071 4058 Facultdt,
1096 3993 1296 4064 segestanden.
1332 3993 1399 4049 Man
1416 3993 1455 4050 ist
1472 3995 1540 4050 alrer

335 4082 430 4151 spater
448 4080 551 4135 wieder
568 4084 696 4152 strenger
715 4082 870 4151 geworden.

406 4167 627 4236 tabgetndert:
658 4167 817 4224 conuentor
844 4169 940 4225 videns
965 4187 1026 4225 suos
1052 4169 1209 4226 scolasticos
1227 4171 1278 4224 aut
1295 4168 1492 4224 baccalaureus
1509 4169 1539 4222 in

336 4257 378 4310 bis
397 4255 527 4311 excedere
545 4256 628 4311 debet
644 4257 736 4327 ipsum
754 4258 838 4312 semel
857 4258 902 4312 vel
919 4258 962 4312 bis
981 4257 1130 4314 admonere
1148 4259 1176 4312 et
1194 4255 1317 4320 hortari,
1337 4258 1369 4309 vt
1386 4273 1416 4310 se
1432 4257 1540 4312 eonfor-

335 4347 394 4398 met
412 4345 531 4399 statuto.
568 4343 621 4410 Qui
644 4345 714 4400 sisa
739 4363 794 4400 non
813 4345 1017 4408 emendauerit,
1045 4345 1128 4399 debet
1146 4345 1238 4416 ipsum
1256 4343 1356 4414 punire
1375 4345 1403 4398 et
1422 4344 1540 4398 rebelles

337 4427 420 4482 Vniu.
439 4429 552 4484 Rectori
570 4430 743 4494 denuntiare,
764 4431 808 4485 vel
827 4431 885 4500 ipse
904 4435 1056 4487 concentor
1073 4431 1108 4486 de
1126 4449 1175 4487 suo
1194 4432 1293 4488 soluat.

407 4517 424 4571 3
441 4511 588 4574 Dominiea
603 4517 748 4587 postIruee
763 4534 837 4573 anno
847 4519 1048 4589 oeteu0[1508]
1066 4520 1225 4575 conclusum
1244 4522 1288 4575 est
1305 4535 1356 4589 per
1374 4518 1541 4574 vniuersitu·
