3504 5322
584 497 699 550 Statuta
718 497 784 551 1477
811 513 838 550 ιι.
855 497 928 552 1505.
1300 503 1359 566 371

167 653 299 736 repertis
332 654 404 717 date
436 652 662 718 communitati
685 653 785 718 Burse
818 654 856 718 ed
885 675 1036 738 expensas
1066 658 1195 734 cedant,
1228 660 1361 724 aliarum

168 779 319 842 penarmn
341 758 407 822 sola
422 759 519 823 tercia
541 761 629 842 parte
652 758 761 823 relicta
776 756 977 836 conuersari,
1000 761 1087 825 saluo
1109 784 1145 826 ec
1169 763 1252 844 quod
1275 764 1362 830 iuxta

168 861 345 946 predictum
368 866 521 928 statutum
544 885 632 927 arma
654 862 768 927 amissa
791 861 983 929 Conuentori
1003 871 1196 932 remaneant.

222 1035 278 1100 De
301 1038 473 1102 famulis
496 1038 713 1102 bursarum
737 1043 778 1102 et
800 1039 1036 1105 iuramento
1060 1041 1306 1109 fidelitatis

647 1145 882 1210 eorundem.

258 1290 308 1348 98.
332 1284 453 1350 Statuit
473 1285 608 1349 facultas
639 1289 673 1348 rt
695 1285 829 1374 quilibet
851 1284 1031 1350 Conuentcr
1061 1289 1118 1352 sub
1149 1288 1254 1352 debito
1277 1288 1362 1351 iura-

174 1390 275 1452 menti
298 1411 361 1453 non
386 1391 551 1475 permittat
573 1385 707 1456 scienter
737 1413 792 1475 per
815 1405 1030 1476 quemcunque
1052 1393 1239 1458 familiarem
1263 1392 1363 1458 Bursa

173 1494 207 1556 in
239 1495 476 1579 empcionibus‚
507 1496 743 1561 vendicionibus
778 1500 810 1560 et
838 1497 909 1561 aliis
940 1496 1070 1562 Bursam
1106 1499 1363 1564 concernentibus

168 1598 312 1663 fraudem
334 1601 501 1679 committi,
524 1623 624 1684 neque
646 1602 743 1665 eciam
765 1600 846 1665 vllns
870 1601 1103 1668 Conuentorum
1125 1625 1180 1688 per
1204 1605 1362 1668 iuramen-

169 1709 239 1768 tum
263 1706 300 1769 de
323 1710 426 1770 cetero
449 1707 586 1790 aliquem
610 1707 643 1771 in
666 1707 820 1771 famulum
835 1706 934 1772 Burse
955 1708 1095 1792 recipiat,
1118 1710 1179 1773 nisi
1202 1709 1363 1774 fidelitatis

169 1811 347 1876 iuramento
375 1811 483 1894 prenic
513 1811 571 1877 hec
601 1813 738 1896 capitula
767 1813 966 1878 continente:
995 1814 1128 1897 primo
1159 1816 1241 1899 quod
1275 1815 1363 1879 iuxta

169 1937 262 2000 posse
284 1920 316 1981 et
346 1938 437 1981 nosse
459 1939 551 1982 snum
574 1940 740 2002 procurare
755 1917 833 1983 velit
848 1917 999 1982 honorem
1015 1923 1047 1983 et
1068 1920 1237 1985 utilitatem
1252 1920 1361 2000 Bursa,

170 2024 204 2084 et
225 2021 287 2105 ipsi
309 2024 493 2087 conuentori
515 2023 548 2087 in
573 2023 669 2090 licitis
693 2029 723 2088 et
746 2024 886 2088 honestis
908 2025 1049 2102 obedire,
1079 2026 1257 2090 secundo
1280 2025 1361 2109 quod

166 2127 288 2190 nullam
310 2127 452 2191 fraudem
476 2128 509 2190 in
532 2129 748 2212 empcionibns
770 2135 802 2193 et
824 2129 1059 2194 vendicionibus
1083 2131 1224 2194 carnium
1246 2135 1278 2194 et
1300 2153 1356 2214 pa-

167 2255 246 2296 num
270 2239 302 2295 et
324 2233 457 2296 aliarum
480 2254 585 2298 rernm
601 2235 859 2300 communitatem
871 2233 971 2298 Bursa
986 2237 1243 2300 concamencinm
1259 2235 1358 2299 scien·

170 2341 219 2402 ter
240 2337 438 2414 committere
458 2338 545 2415 velit,
569 2343 645 2421 puta
669 2340 751 2423 qnod
774 2339 892 2422 aliquid
916 2346 1073 2424 procerte
1095 2341 1199 2424 precio
1222 2345 1306 2404 emat
1328 2345 1361 2404 et

170 2441 268 2506 Bnrse
290 2442 391 2506 carius
422 2443 535 2507 vendat
557 2448 612 2506 aut
642 2444 863 2522 consimiliter,
894 2465 995 2527 neque
1019 2445 1144 2528 aliquod
1167 2450 1357 2510 conuentum

170 2555 223 2610 ant
253 2552 380 2630 pactum
412 2569 482 2612 cnm
505 2549 641 2632 pistore,
671 2550 816 2614 carnifice
844 2551 958 2614 habeat
989 2554 1045 2614 aut
1078 2552 1140 2615 alio
1164 2571 1358 2634 quocunqne,

168 2673 230 2735 qno
252 2653 461 2717 communitas
477 2653 577 2718 Burse
599 2653 809 2733 defraudetur,
832 2655 958 2719 viliores
973 2654 1118 2719 videlicet
1132 2677 1240 2722 cernes
1263 2677 1359 2740 panes

167 2762 222 2820 aut
244 2757 423 2821 huiusmodi
446 2759 641 2843 recipiendo,
674 2764 729 2824 aut
751 2761 852 2825 carius
874 2760 1007 2826 forsitan
1030 2759 1206 2826 huiusmodi
1230 2767 1262 2828 et
1283 2783 1358 2826 con-

165 2861 282 2925 similia
306 2862 516 2947 disponend0‚
549 2865 680 2928 tercio
715 2865 798 2947 qnod
830 2864 929 2928 nichil
961 2865 1040 2928 lucri
1063 2865 1178 2930 directe
1200 2866 1249 2931 vel
1274 2867 1356 2930 indi·

167 2971 251 3032 recte
273 2989 329 3050 per
352 2989 384 3032 se
407 2969 456 3032 vel
479 2969 576 3033 alium
599 2971 633 3035 in
654 2969 788 3053 panibus
807 2970 953 3034 carnibus
969 2969 1042 3032 vino
1066 2992 1102 3034 ac
1124 2971 1194 3035 aliis
1217 2994 1357 3038 commu-

166 3071 299 3135 nitatem
322 3072 421 3137 Bnrse
443 3073 703 3138 concernentibus
725 3074 862 3157 recipere
884 3073 961 3138 velit
982 3074 1097 3137 salario
1127 3075 1197 3138 sibi·
1211 3077 1358 3160 deputato

165 3178 300 3261 dempto.
351 3179 469 3264 Sponte
499 3185 604 3244 tamen
626 3179 757 3244 Rectore
790 3179 889 3244 Bursa
922 3201 1103 3262 quecunque
1133 3181 1239 3244 oblata
1272 3182 1350 3246 reci-

167 3304 239 3367 pere
271 3284 395 3366 poterit.
450 3283 603 3360 Quarto
633 3283 715 3367 qnod
746 3283 915 3366 requisitus
946 3281 1183 3348 aConnentore
1216 3285 1358 3370 singulos

15 3439 16 3446 ,
130 3463 135 3471 ¹
166 3389 348 3453 excedentes
370 3394 426 3454 aut
448 3390 582 3455 Bursam
604 3411 658 3452 seu
681 3388 947 3453 Comniunitatem
979 3389 1012 3451 in
1034 3388 1180 3453 fenestris
1204 3389 1279 3452 seris
1303 3397 1358 3454 ant

168 3493 238 3556 aliis
262 3496 428 3559 structuris
451 3495 710 3580 dampnificantes
733 3493 920 3558 denunciare
943 3494 1027 3558 velit.

188 3665 243 3731 De
265 3668 420 3776 officio
443 3671 606 3754 pedelli
628 3668 863 3734 facultatis
886 3674 924 3734 et
946 3669 1035 3734 eius
1065 3669 1334 3735 iuramento¹.

257 3813 308 3873 99.
333 3809 480 3875 Officium
504 3811 618 3894 pedelli
640 3811 754 3874 statuit
770 3810 837 3874 fore
853 3810 994 3886 facultas,
1018 3813 1052 3873 rt
1067 3809 1181 3874 decano
1198 3831 1253 3893 pro
1277 3815 1357 3874 tem·

165 3936 241 3997 pore
264 3915 408 3990 obediat,
439 3915 605 4000 ipsumque
634 3917 788 4000 quottidie
818 3916 962 3980 adminus
995 3914 1090 3978 semel
1121 3915 1154 3978 in
1190 3915 1280 3980 domo
1302 3939 1359 3980 sua

256 4105 267 4142 ¹
294 4113 351 4169 Vor
369 4114 472 4170 diesem
497 4115 572 4170 Titel
595 4116 660 4186 fngt
685 4108 721 4173 B.
746 4117 803 4170 ain:

166 4280 220 4346 De
242 4283 414 4348 litteris
437 4283 809 4349 testimonialibus
842 4289 880 4348 et
903 4307 1038 4349 earnm
1062 4283 1355 4370 sigillatione.

250 4425 284 4492 Si
315 4418 384 4511 quis
414 4426 551 4491 litterale
581 4426 672 4509 [velit
703 4425 831 4510 habere]
861 4427 1077 4492 testimonium
1109 4428 1146 4492 de
1182 4426 1297 4490 auditis
1324 4427 1356 4490 in

164 4533 276 4618 papiro
305 4532 555 4598 distribuendum
587 4531 871 4614 [describendum]‚
903 4532 1018 4597 (lecano
1043 4554 1098 4618 pro
1121 4531 1278 4616 stipendio
1301 4555 1358 4596 suo

1097 4637 1152 4692 24*
