3504 5322
347 408 411 479 436
894 409 996 468 Buroae.

347 571 407 634 tim
443 571 558 635 rectori
598 572 701 637 claues
731 571 765 634 in
794 593 908 636 manus
938 572 1079 652 tradere,
1112 575 1161 639 vel
1190 574 1217 638 si
1248 578 1351 640 rector
1380 577 1463 642 absit
1485 579 1555 643 eius

345 677 443 742 vicem
466 675 599 760 gerenti.

431 779 600 846 Neminem
624 789 698 865 post
720 779 929 845 occlusionem
954 781 1070 846 forium
1095 783 1158 847 nisi
1182 784 1220 848 de
1240 787 1372 850 rectoris
1388 786 1553 852 voluntate

343 885 488 950 emittere
511 890 543 951 et
566 885 792 966 intromittere.

446 1061 581 1145 Caput
602 1061 821 1125 secundum
844 1058 1114 1126 Statutorum
1137 1067 1175 1128 et
1197 1064 1331 1150 legum
1358 1071 1448 1131 con·

790 1166 1092 1233 tubernalium.

431 1290 586 1356 Omnibus
608 1288 804 1373 temporibus
827 1289 1003 1354 necessario
1026 1311 1149 1376 semper
1170 1295 1315 1357 curatum
1339 1297 1404 1372 est,
1428 1317 1468 1359 ne
1491 1297 1546 1379 qui

343 1402 449 1462 coetus
473 1417 509 1460 ac
531 1393 793 1480 congregationes
816 1393 981 1459 hominum
1005 1395 1123 1479 absque
1138 1395 1263 1482 legibus
1279 1397 1546 1481 relinqueremur,

342 1501 456 1588 quibus
480 1520 544 1564 non
568 1499 671 1564 solum
694 1499 770 1563 boni
793 1500 942 1584 praemiis,
966 1500 1018 1564 sed
1042 1502 1139 1565 etism
1162 1523 1198 1566 ac
1219 1502 1321 1566 multo
1344 1504 1447 1589 magis
1470 1506 1548 1570 mali

342 1628 444 1692 poena
466 1605 679 1670 afficerentur.
726 1603 802 1689 Ipsa
824 1605 909 1670 enim
934 1610 1048 1670 natura
1070 1629 1175 1672 rerum
1198 1608 1280 1686 fert,
1311 1611 1346 1672 vt
1368 1607 1451 1672 nihil
1472 1610 1547 1673 abs-

343 1735 403 1797 que
426 1711 537 1776 ordine
560 1732 596 1775 11
618 1709 742 1774 ratione
765 1709 819 1775 diu
843 1711 1000 1776 incolume
1022 1733 1207 1795 permanere
1232 1713 1343 1792 valeat,
1372 1713 1546 1778 111111111-

344 1818 434 1882 nium
458 1815 656 1881 durationem
673 1815 839 1899 legittimae
863 1815 1106 1881 constitutiones
1129 1817 1333 1901 requirantur
1356 1839 1457 1902 nequo
1482 1819 1546 1884 alia

342 1924 385 1988 sit
414 1920 638 1987 diuturnitatis
670 1920 821 1985 custodia.
868 1920 980 2004 Itaque
1004 1924 1036 1985 ct
1066 1922 1266 1988 contubernii
1300 1923 1545 2003 administratio,

340 2028 427 2092 illius
449 2027 590 2112 dignitas
613 2047 649 2090 ac
672 2029 774 2090 status
799 2027 922 2112 legibus
945 2027 1009 2092 suis
1033 2029 1175 2094 munitus
1199 2033 1293 2113 atque
1323 2029 1467 2094 firmatus
1497 2033 1545 2094 est

340 2133 579 2199 conuenientem
610 2131 649 2196 ad
680 2132 808 2196 modum
840 2131 1016 2198 studiorum
1047 2132 1230 2197 rectitudini
1260 2136 1355 2216 atque
1385 2134 1460 2198 vitae
1486 2134 1545 2200 ho·

339 2237 456 2302 nestati
480 2242 511 2301 et
534 2237 777 2302 comoditatibus
802 2238 947 2322 publicis.
994 2237 1113 2314 Quibus
1136 2237 1212 2302 boni
1234 2237 1369 2302 libenter
1386 2243 1417 2303 et
1432 2239 1544 2324 cupide

340 2344 516 2428 parebunt,
546 2344 660 2422 malis,
685 2347 719 2407 vt
751 2344 900 2408 meritum
932 2344 1061 2408 illorum
1084 2343 1181 2422 feret,
1214 2365 1322 2428 poenae
1346 2343 1542 2430 infligantur,

338 2454 374 2513 vt
396 2469 474 2531 quos
497 2449 637 2534 primum
661 2449 803 2514 numinis
826 2453 945 2527 metus,
969 2448 1081 2514 deinde
1104 2449 1232 2534 publiea
1254 2449 1359 2533 quies,
1385 2453 1545 2534 postremo

338 2558 498 2639 respectus
527 2553 638 2618 salutis
671 2555 810 2640 ipsorum
841 2579 905 2621 non
929 2557 1126 2622 continuerit
1148 2577 1249 2640 neque
1272 2555 1426 2635 mouerit,
1459 2555 1544 2620 malo

338 2661 451 2726 saltem
473 2681 547 2736 suo,
578 2663 718 2726 autnon
745 2683 810 2726 esse
834 2662 970 2745 improbi
994 2665 1049 2726 aut
1071 2661 1143 2725 aliis
1167 2683 1231 2725 non
1253 2681 1365 2726 nocere
1388 2662 1543 2746 improbi·

337 2769 403 2830 tate
425 2787 482 2830 sus
505 2769 669 2849 cogantur.
839 2757 842 2764 ’

417 2940 493 3016 Quae
516 2939 555 3005 sd
578 2939 808 3005 Rectorem
831 2939 1041 3006 Contubernii
1064 2941 1190 3026 proprie
1217 2941 1387 3026 pertinent.
1435 2938 1460 3006 I.

422 3061 538 3127 Rector
569 3060 622 3125 vbi
654 3062 769 3127 aedium
794 3061 1078 3127 Contubernalium
1106 3063 1189 3128 fores
1212 3064 1324 3130 clausae
1348 3069 1383 3128 vt
1404 3068 1454 3128 est
1476 3064 1542 3128 dic·

337 3173 407 3232 tum
431 3167 561 3245 fuerint,
584 3167 703 3231 nullius
728 3171 872 3251 respectu
896 3167 1013 3252 aperiri
1038 3167 1131 3246 sinet,
1156 3169 1219 3234 nisi
1242 3191 1334 3234 causo
1357 3171 1485 3256 cognita
1507 3193 1544 3235 ae

335 3273 478 3358 probata
524 3271 613 3348 Quod
645 3273 672 3338 si
706 3277 825 3338 temere
859 3272 1003 3356 patefieri
1033 3273 1158 3352 siuerit‚
1204 3274 1451 3359 quotiescunque
1482 3274 1543 3339 hoe

334 3379 463 3457 fecerit,
499 3378 592 3442 toties
623 3378 776 3443 mulctam
807 3377 925 3462 pendat
958 3377 1086 3442 trioboli
1116 3377 1148 3442 id
1179 3383 1227 3443 est
1248 3379 1460 3446 cruciatorum
1482 3377 1539 3443 IV.

335 3483 485 3548 Eiusdem
514 3488 561 3548 est
593 3487 754 3566 tempora,
786 3483 903 3567 quibus
933 3483 1066 3567 quisque
1098 3483 1138 3548 ad
1169 3483 1411 3548 contubernium
1434 3483 1539 3548 diuer-

334 3589 420 3666 terit,
444 3589 583 3672 itemque
606 3588 679 3652 inde
702 3587 817 3653 abierit
842 3590 952 3653 notata
975 3592 1007 3652 et
1030 3593 1115 3653 certa
1138 3588 1264 3666 habere,
1292 3608 1354 3671 quo
1372 3588 1540 3672 pensiones

340 3696 434 3776 atque
457 3693 613 3758 mercedes
637 3693 751 3757 debitae
775 3692 815 3756 ab
833 3693 945 3757 incolis
968 3693 1052 3778 exigi
1075 3694 1206 3778 possint,
1230 3693 1268 3756 de
1286 3691 1401 3775 quibus
1416 3693 1541 3776 quidem

333 3799 470 3864 rationes
493 3802 528 3862 vt
562 3798 681 3863 dictum
705 3801 754 3862 est
777 3797 893 3864 reterre
916 3799 955 3863 ad
978 3797 1202 3864 Sindicnrn
1227 3796 1540 3862 Vniuersitatis

334 3926 406 3968 cnm
429 3906 565 3989 oportet.
611 3903 768 3968 Praeterea
794 3903 897 3968 iurato
920 3908 955 3967 vt
982 3903 1196 3968 habitationes
1218 3902 1367 3967 studiosis
1391 3901 1540 3966 conueni-

333 4015 424 4074 enter
446 4014 477 4074 et
501 4014 574 4093 apte
598 4009 842 4074 distribuantur.
885 4007 946 4073 Pro
970 4007 1029 4072 hac
1052 4030 1107 4072 sua
1130 4029 1225 4092 opera
1246 4007 1412 4091 praemium
1434 4006 1541 4090 capito

333 4114 487 4179 cruciatos
509 4113 553 4192 Il,
577 4114 615 4178 de
637 4114 774 4200 singulis
798 4113 921 4178 florinis
945 4135 983 4177 111
1006 4112 1200 4178 mercedibus
1223 4114 1426 4178 consumatis.

418 4253 494 4330 Quae
516 4275 588 4319 cum
611 4255 649 4319 sd
674 4254 903 4320 Rectorem
926 4257 997 4317 tum
1020 4253 1059 4317 ad
1082 4255 1185 4317 totum
1213 4253 1442 4338 collegium

731 4359 1047 4445 Magistrorum.
1093 4356 1137 4422 11.

419 4481 504 4548 Ante
527 4483 635 4548 omnia
661 4483 789 4569 pietatis
812 4481 946 4548 studiosi
969 4484 1001 4545 et
1024 4481 1167 4546 veritatis
1190 4481 1363 4559 amatores,
1393 4475 1489 4543 alieni
1520 4497 1540 4541 a
