3504 5322
388 465 452 530 434
930 467 1032 522 Bursa.

429 695 531 780 Caput
553 694 592 760 X.
631 696 677 760 De
700 693 900 759 fcrrnulis
923 698 1291 776 sacramentorum,
1317 722 1402 784 quae
1423 724 1442 764 a
1464 701 1545 765 sin-

471 800 586 885 gulis
610 800 913 884 praedictarum
936 800 1230 866 conditionum
1259 806 1504 870 solennitur

855 904 944 969 dari
966 905 1119 970 solent.

726 1082 925 1148 Rectoris
948 1079 1243 1146 Contubernii:

470 1240 562 1306 Vella
584 1241 648 1305 anis
674 1263 747 1305 cnm
771 1241 833 1305 fide
855 1243 887 1304 et
909 1239 1094 1305 assiduitate
1116 1243 1273 1325 precepta
1299 1242 1372 1305 vitre
1387 1246 1419 1305 et
1435 1243 1585 1307 doctrinae

382 1347 515 1424 tradere,
546 1345 754 1410 Contubernii
778 1346 859 1410 aedes
881 1345 986 1410 claudi
1008 1367 1127 1422 curare,
1158 1346 1261 1410 claues
1284 1351 1400 1424 tenere,
1423 1347 1583 1431 improbos

383 1457 414 1516 et
443 1451 617 1536 flagitiosos
648 1453 889 1536 studiorumque
927 1450 1122 1535 neglectores
1161 1450 1347 1535 praesidibus
1375 1451 1582 1516 Contubernii

381 1561 437 1620 aut
460 1556 589 1621 Rectori
613 1555 840 1622 Vniuersilatis
862 1557 955 1620 huius
978 1556 1108 1632 scholae,
1144 1562 1200 1621 aut
1221 1556 1315 1621 buius
1339 1557 1437 1620 vicem
1460 1556 1585 1642 gerenti

382 1661 537 1739 indicare,
570 1662 752 1726 vexationes
777 1662 941 1726 initiorum
964 1661 1135 1738 moderari,
1167 1683 1268 1743 nsque
1297 1662 1429 1725 anonis
1451 1661 1588 1746 amplius

381 1767 514 1852 exigere,
539 1788 634 1850 quam
658 1767 868 1831 constitutum
892 1767 944 1842 sit,
969 1765 1108 1830 rationes
1131 1769 1243 1849 putare
1266 1787 1336 1829 cum
1359 1765 1479 1829 sindico
1501 1787 1584 1850 praa-

381 1871 507 1955 scriptis
536 1870 734 1955 temporibus
773 1874 806 1934 et
842 1871 1006 1954 pecuniam
1041 1871 1180 1935 debitam
1215 1871 1325 1935 aerario
1357 1870 1587 1936 Vniuersitatis

381 1974 475 2038 huius
499 1974 614 2040 scholae
637 1975 774 2052 inferre,
805 1997 915 2059 poenae
943 1976 1004 2040 sibi
1032 1975 1162 2040 inflictae
1187 1981 1243 2040 aut
1264 1976 1391 2040 mulctae
1414 1975 1583 2061 postulare,

379 2101 444 2143 non
477 2079 666 2158 reclamare,
715 2102 817 2164 neque
844 2080 908 2145 vlla
938 2082 1077 2146 violenta
1105 2085 1160 2145 aut
1189 2081 1335 2165 improba
1367 2081 1489 2145 ratione
1518 2102 1585 2144 sese

377 2183 492 2249 alcisci.
539 2183 578 2247 In
603 2185 669 2249 haec
692 2187 803 2249 statim
830 2190 903 2271 post
925 2187 1176 2273 designationem
1204 2185 1252 2250 sni
1277 2187 1388 2251 iurato.

719 2359 1018 2444 Magistrorum
1041 2360 1241 2446 Collegii:

463 2497 554 2564 Velle
576 2496 722 2561 Rectoris
739 2495 955 2589 ¹Contubernii
979 2498 1148 2583 legittimis
1175 2499 1267 2563 iussis
1297 2521 1406 2583 parere
1435 2499 1580 2562 omnium

377 2627 492 2682 rerum,
517 2626 587 2686 quar
610 2603 829 2667 contubernali
852 2603 1079 2668 constitutione
1102 2606 1332 2669 contineantur.
1371 2602 1464 2688 Apud
1481 2604 1580 2668 adno-

376 2713 501 2774 cantem
523 2731 556 2773 se
578 2708 746 2773 Rectorem
769 2709 879 2772 statim
902 2731 1062 2794 apparere.
1103 2709 1262 2773 Aduersus
1279 2708 1369 2772 illum
1391 2707 1472 2771 nihil
1492 2707 1577 2772 clam

374 2814 520 2898 palamne
543 2812 729 2877 machinari.

462 2918 572 2984 Claues
595 2918 708 2982 aedium
731 2917 835 2982 nullas
861 2918 986 2983 habere.

461 3024 601 3089 Poenam
625 3023 842 3107 mulctamque
866 3024 1083 3088 commeritum
1105 3023 1171 3107 pati
1197 3045 1298 3106 neque
1322 3022 1417 3088 vllam
1441 3023 1503 3086 vim
1521 3045 1581 3108 op-

374 3143 489 3216 ponere
511 3151 568 3193 nec
591 3130 629 3193 ad
653 3129 827 3193 vindictam
850 3130 898 3193 sui
926 3151 1086 3214 usurpare.

476 3318 825 3406 Paedagogarcbae
847 3324 885 3384 et
909 3321 1212 3405 Magistrorum
1242 3319 1311 3382 illi
1345 3319 1471 3384 attri-

871 3427 1078 3490 butorum:

463 3563 554 3628 Velle
584 3565 756 3648 pueritiam
788 3565 849 3629 sibi
879 3566 1077 3630 commissam
1106 3585 1187 3628 curae
1210 3567 1242 3626 et
1263 3563 1335 3627 fidei
1366 3585 1429 3626 suae
1455 3562 1491 3625 ad
1517 3563 1575 3625 ho-

371 3671 525 3732 nestatem
549 3669 622 3733 viiae
645 3674 677 3733 et
700 3670 909 3733 eruditionem
934 3670 1079 3747 educere,
1110 3669 1281 3751 desperatae
1312 3666 1440 3730 malitiae
1464 3665 1574 3730 fouere

370 3774 538 3838 neminem.

457 3879 546 3943 Nihil
571 3881 739 3964 quicquam
763 3881 827 3945 vlla
849 3880 972 3944 ratione
995 3883 1104 3944 contra
1125 3900 1174 3942 res
1197 3877 1394 3941 contubernii
1427 3899 1463 3941 ac
1486 3877 1577 3942 illius

369 3983 642 4050 administratores
666 3986 791 4063 moliri,
823 3985 876 4049 sed
900 3987 939 4049 ad
963 3986 1152 4070 dignitatem
1174 3984 1317 4048 omnium
1339 3987 1370 4046 et
1393 3983 1574 4048 communi·

370 4089 447 4152 tatis
472 4090 709 4155 contubernalis
733 4091 929 4154 incramenta
951 4111 1008 4174 pro
1031 4088 1119 4152 virili
1144 4088 1313 4154 elaborare.

455 4192 595 4258 Poenam
627 4195 842 4278 mulctamque
874 4195 1013 4259 debitam
1045 4193 1167 4258 delictis
1197 4196 1263 4258 suis
1293 4193 1465 4270 sustinere,
1498 4215 1518 4256 a
1542 4194 1575 4256 vi

364 4299 527 4363 contraria
550 4305 582 4364 et
605 4300 821 4365 vindicatione
844 4300 1012 4365 abstinere.

454 4403 492 4467 ln
516 4405 592 4486 haec,
617 4406 671 4469 vbi
697 4406 762 4469 illis
786 4405 927 4470 muneris
950 4403 996 4467 sui
1020 4401 1142 4468 functio
1165 4403 1353 4468 demandata
1374 4401 1481 4478 fuerit,
1505 4404 1574 4466 sta·

366 4509 426 4571 tim
450 4508 586 4576 incanto,
