3464 5318
513 489 554 542 16.
573 487 655 542 Bulle
673 487 844 544 Alexandcrs
862 486 903 543 VI
922 487 999 542 1492.
1315 491 1356 557 97

242 643 334 710 Nulli
357 667 433 731 ergo
456 645 579 711 homini
602 646 696 712 liceat
718 646 801 712 hanc
823 648 972 734 paginam
996 650 1104 713 nostre
1127 647 1300 713 voluntatis
1323 651 1356 714 et

145 749 268 815 decreti
291 752 465 838 infringere
501 753 551 817 vel
573 752 602 816 ei
617 773 696 817 ausu
711 753 879 818 temerario
894 752 1060 818 contraire.
1106 751 1139 817 si
1156 752 1227 836 quis
1250 757 1356 818 autem

146 853 209 918 hoc
248 857 437 940 attemptare
467 857 711 941 presumpserit,
752 858 1006 945 indignationem
1036 858 1266 943 omnipotentis
1298 857 1359 924 Dei

146 963 181 1023 at
205 961 373 1026 bealorum
396 961 484 1027 Petri
514 965 547 1026 et
568 961 660 1027 Pauli
692 963 908 1048 apostolorum
939 964 1008 1028 eius
1039 985 1072 1028 se
1102 962 1229 1028 nouerit
1251 963 1357 1029 incur-

145 1085 270 1130 surum.

242 1169 362 1236 Datum
384 1171 484 1237 Rome
505 1169 589 1256 apud
611 1170 641 1238 S.
665 1172 796 1237 Petrum
819 1172 858 1237 A.
893 1173 953 1239 inc.
978 1174 1060 1240 dom.
1088 1175 1170 1240 1492
1193 1171 1266 1240 VII.
1292 1172 1357 1240 Cal.

148 1274 351 1361 Septembris
373 1277 577 1362 pontificatus
599 1279 701 1344 nostri
723 1300 806 1344 anno
829 1279 941 1364 primo.

226 1447 286 1519 Ego
313 1447 444 1506 Simon
472 1450 732 1505 Caldeatoris
757 1451 863 1506 artium
890 1454 919 1506 et
937 1453 1072 1507 medicine
1105 1452 1206 1508 Doctor
1230 1451 1359 1520 publicus

147 1537 328 1592 auctoritate
347 1537 417 1609 Imp.
436 1541 465 1594 ct
484 1538 551 1609 Pap.
571 1537 698 1592 notarius
717 1539 824 1608 copiam
838 1539 993 1610 predictam
1011 1539 1078 1604 ridi,
1097 1557 1115 1594 a
1127 1557 1183 1610 qua
1200 1542 1358 1609 presentem

146 1625 322 1679 transsumsi
343 1625 468 1696 copiam,
498 1642 551 1695 que
578 1625 612 1679 de
638 1625 723 1680 verbo
741 1625 779 1680 ad
797 1626 914 1680 verbum
931 1644 994 1681 cum
1012 1627 1111 1682 eadem
1135 1625 1297 1692 concordat,
1324 1626 1360 1680 de

146 1729 209 1780 quo
227 1713 346 1768 attestor
359 1715 376 1768 ¹.

228 1851 373 1923 Originale
391 1855 468 1910 bulla
487 1854 665 1926 retroscripte
680 1854 801 1910 habetur
819 1854 849 1908 in
866 1855 1035 1910 cancellaria
1054 1853 1187 1925 principis
1198 1852 1362 1923 Stntgardie

149 1942 182 1994 et
202 1939 258 1994 fuit
278 1941 347 1995 mihi
371 1959 479 2012 quoque
497 1942 733 1999 communicatum
757 1943 795 1999 ad
822 1942 1074 1998 transsumendum.
1111 1941 1249 1996 Ambra.
1269 1940 1360 1995 Wid-

150 2045 183 2081 m
194 2043 241 2082 an
259 2027 347 2098 Praep.
361 2029 379 2082 ³.

227 2201 424 2274 Gleichaaitige
442 2204 586 2260 Abschrift
604 2205 643 2260 im
661 2204 737 2260 Buch
756 2205 805 2261 der
826 2205 931 2261 Bona
949 2206 1240 2276 Praepositurae.
1276 2203 1359 2259 Univ.

151 2291 261 2346 Archiv
279 2291 335 2345 Mh.
355 2291 378 2346 Ι.
396 2294 438 2347 82.
458 2291 506 2346 IV.
542 2291 673 2348 Derselhe
691 2292 772 2347 Band
797 2293 909 2347 enthdlt
926 2292 1058 2363 fulgenda
1075 2292 1288 2362 Aufzeichnung
1306 2309 1361 2346 von

153 2380 207 2434 der
225 2378 342 2449 eigenen
359 2377 444 2434 Hand
467 2378 515 2433 des
532 2379 673 2436 Johannes
691 2380 875 2451 Vergeuhaus
892 2380 1081 2452 (Numerus),
1102 2380 1156 2436 seit
1176 2381 1243 2435 1482
1262 2379 1362 2450 Propst

151 2465 214 2520 und
240 2464 373 2529 Kaualer,
414 2467 518 2522 welche
549 2467 595 2521 fiir
621 2466 666 2522 die
694 2466 825 2539 Stellung
848 2466 936 2524 dieses
968 2468 1204 2537 Wilrdentrtgers
1238 2467 1361 2524 bezeich-

152 2553 232 2607 ncud
251 2552 297 2606 ist.

471 2728 512 2785 De
529 2727 726 2800 hospitalitate
742 2728 878 2800 prepositi
896 2731 1037 2786 consueta.

228 2853 301 2908 Item
328 2851 361 2906 Iu
387 2848 630 2907 Natiuitate
655 2851 775 2906 Jhesu
803 2851 975 2916 Christi,
1003 2851 1033 2905 in
1057 2851 1206 2921 pascate
1235 2853 1264 2905 et
1291 2849 1363 2906 festo

157 2941 452 2996 Penthecoates
471 2941 627 3010 prepositus
645 2940 769 2996 inuitare
787 2941 874 2995 habet
892 2941 929 2994 ad
950 2940 1099 3010 prandium
1113 2939 1255 2996 Decanum
1272 2941 1300 2994 et
1312 2938 1363 2994 Ca-

156 3029 278 3092 nonicoe,
296 3027 481 3098 capellanum
502 3027 533 3082 in
557 3028 693 3099 hospitali
716 3030 745 3083 et
770 3028 894 3085 chorales
912 3028 1069 3085 secerdotes
1097 3029 1182 3098 utque
1199 3028 1319 3084 scolares
1336 3028 1365 3081 et

157 3116 312 3186 plebanum
331 3131 394 3169 cum
412 3114 518 3170 duobus
537 3114 726 3180 adiutoribus,
755 3116 974 3186 predicatorem,
994 3115 1177 3185 organistam,
1197 3114 1366 3186 magistrum

156 3201 310 3257 scolarium
328 3218 361 3256 ac
377 3200 465 3256 etiam
483 3201 611 3256 edituum
629 3220 691 3256 cum
710 3221 789 3258 seruo
807 3203 903 3274 ipsius.

230 3289 263 3343 ln
290 3289 347 3344 die
373 3288 536 3360 corporis
554 3288 699 3343 Christi
718 3289 904 3352 aduocatum,
929 3307 976 3344 sex
993 3290 1132 3354 scabinos,
1157 3307 1274 3358 quorum
1293 3307 1365 3343 rinus

157 3393 221 3431 curn
239 3375 378 3432 aduocato
396 3376 473 3430 ducit
491 3375 664 3446 prepositum
677 3375 847 3431 deferentem
861 3393 979 3440 sacrum,
998 3378 1120 3446 quatuor
1131 3377 1247 3446 portant
1266 3375 1364 3439 celum,

157 3465 253 3519 sextus
271 3463 371 3534 dirigit
388 3463 598 3534 processionem,
618 3464 865 3534 prothonotharius
892 3464 1044 3520 comitatur
1068 3479 1131 3518 cum
1149 3463 1261 3518 flabello
1279 3479 1365 3533 pauo·

158 3569 235 3608 num.
273 3551 398 3607 Veniunt
416 3552 504 3608 etiam
521 3555 642 3622 quatuor
660 3568 790 3623 precones
814 3554 843 3606 et
861 3551 913 3606 alii
935 3555 993 3606 tres
1011 3551 1182 3607 famulantes
1201 3567 1252 3606 nac
1268 3568 1325 3606 nou
1342 3552 1366 3606 is

158 3639 208 3709 qui
226 3639 337 3708 colligit
360 3657 411 3709 pro
435 3639 542 3696 fabrica
559 3638 589 3694 in
608 3640 739 3705 ccclesia,
763 3640 835 3694 Item
853 3642 974 3710 quatuor
993 3640 1154 3696 Sacerdotes
1172 3640 1367 3696 ministrantes

157 3726 190 3780 in
207 3727 259 3781 hoc
278 3725 357 3794 festo,
377 3727 512 3798 magister
531 3727 679 3784 scolarium
697 3730 726 3783 et
745 3727 891 3800 organista
907 3731 1029 3798 quatuor
1045 3728 1125 3799 pueri
1144 3728 1284 3791 chorales,
1308 3727 1366 3781 edi-

234 3921 247 3974 1
268 3916 361 3975 Dicses
371 3917 498 3974 Vidimus
516 3919 554 3976 ist
571 3921 728 3977 frdhestens
747 3939 797 3977 aus
816 3922 842 3976 d.
862 3921 886 3976 J.
907 3923 983 3979 1512.
1054 3921 1184 3978 2Waun
1203 3920 1253 3976 der
1270 3920 1368 3976 aweite

160 4005 261 4078 Propst
273 4007 330 4061 und
338 4006 455 4063 Canaler
464 4007 526 4064 Joh.
536 4009 719 4079 Vergenhans
730 4010 879 4080 gastorbcn
887 4007 934 4073 sei,
947 4010 1017 4064 ltsat
1028 4009 1087 4064 sich
1098 4027 1148 4065 aus
1160 4009 1213 4065 den
1224 4008 1368 4079 fragmen-

160 4094 303 4150 tarischen
313 4095 401 4151 Acten
414 4095 463 4151 der
473 4095 648 4154 Universitat
662 4097 741 4154 nicht
753 4099 881 4154 erhebsn.
899 4097 979 4152 Nach
993 4099 1069 4154 einer
1079 4098 1162 4154 Notis
1174 4099 1205 4153 in
1213 4097 1370 4152 Rauschers

163 4182 344 4240 Collectanea
361 4184 407 4253 (K.
426 4184 631 4259 Stuatsarchiv)
648 4187 716 4242 lltllt
734 4187 793 4242 sein
808 4187 867 4243 'lod
880 4185 931 4241 auf
946 4185 1001 4242 den
1020 4191 1044 4242 5.
1062 4185 1129 4242 oder
1146 4189 1172 4242 6.
1181 4185 1289 4240 Jauuar
1301 4187 1368 4240 1510

160 4270 220 4324 und
238 4271 274 4324 ist
294 4288 322 4326 ar
341 4273 376 4327 84
394 4271 480 4328 Jahra
499 4274 543 4330 alt
568 4274 723 4344 geworden.
760 4273 955 4328 Vermuthlich
983 4274 1014 4328 in
1033 4272 1192 4327 demselben
1210 4270 1281 4325 Jahr
1298 4269 1368 4324 wird

161 4357 393 4414 Ambrosius
418 4359 597 4417 Widman
624 4363 690 4418 oder
708 4362 955 4432 Maichinger
979 4360 1038 4414 sein
1062 4358 1235 4429 Nachfolger
1258 4356 1369 4411 damals

160 4447 288 4504 Assassor
315 4444 362 4502 des
386 4446 576 4504 Kaiserlichen
603 4449 858 4521 Kammergerichts
882 4449 912 4502 in
930 4448 1049 4504 Worma.
1085 4446 1244 4501 Aichmanu
1269 4446 1299 4499 in
1317 4443 1368 4498 Ms.

160 4533 227 4589 hist.
246 4534 288 4590 90.
325 4533 478 4592 Schuurrer
495 4537 553 4591 Erl.
572 4537 633 4593 355.

214 4642 346 4686 Urkunden
360 4643 402 4685 der
416 4643 445 4686 U.
458 4643 590 4695 adtingam
1142 4625 1157 4680 7
