3442 5314
354 435 394 499 18
630 431 655 484 4.
684 427 843 499 Ptpstliche
860 425 942 480 Bulla
962 441 1026 481 rom
1047 425 1087 480 13.
1106 422 1177 479 Nor.
1196 425 1272 480 1476.

351 591 425 655 fatis
448 589 656 655 communiter
677 587 728 651 uel
751 585 877 650 diuisim
898 607 916 648 a
938 585 1022 650 dicta
1043 585 1088 649 sit
1108 584 1179 648 sede
1194 581 1353 647 indultum
1375 581 1428 647 uel
1449 581 1552 666 impo-

353 699 473 759 sterum
498 693 657 780 indulgeri
688 691 873 776 contingat,
906 691 989 774 quod
1012 689 1179 755 Canouieis
1210 697 1241 754 et
1262 689 1404 772 personis
1428 707 1556 751 suarum

350 800 551 867 ecclesiarum
573 821 637 864 non
662 796 872 862 residentibus
905 795 1115 881 personaliter
1142 795 1175 858 in
1201 793 1317 858 eisdem
1338 793 1460 857 tructus
1482 778 1562 855 red-¹

349 907 434 971 ditus
456 909 489 969 et
510 907 683 989 prouentus
715 923 842 966 suorum
865 901 1116 966 canonicatuum
1147 903 1180 964 et
1201 898 1431 983 prebendarum
1454 897 1551 961 mini-

348 1014 449 1076 strare
471 1009 505 1073 in
528 1008 675 1072 absencia
696 1006 829 1072 minime
852 1009 1031 1084 teneantur,
1055 1008 1088 1069 et
1102 1005 1140 1068 ad
1164 1004 1196 1067 id
1211 1003 1366 1086 compelli,
1388 1006 1445 1067 aut
1467 1001 1552 1085 quod

338 1113 494 1180 'interdici
517 1113 666 1196 suspendi
688 1112 738 1177 vel
761 1111 1026 1178 excommunicari
1048 1131 1111 1174 non
1135 1107 1259 1193 possint
1272 1129 1329 1193 per
1344 1107 1452 1171 literas
1474 1128 1551 1190 apo-

348 1219 475 1284 stolicas
498 1239 563 1282 non
586 1215 737 1281 iacientes
766 1215 894 1301 plenam
926 1219 960 1279 et
982 1235 1160 1298 expressam
1183 1233 1219 1277 ac
1241 1213 1278 1276 de
1299 1211 1396 1276 verbo
1418 1211 1457 1274 sd
1479 1231 1550 1274 ver·

349 1324 426 1388 bum
450 1323 488 1388 de
511 1322 636 1386 indulto
659 1319 839 1386 huiusmodi
862 1320 1066 1386 mencionem.
1114 1319 1181 1384 Aut
1194 1319 1223 1383 si
1240 1317 1341 1400 aliqui
1362 1337 1457 1401 super
1477 1337 1551 1400 pro-

346 1427 523 1493 uisionibus
553 1425 613 1490 sibi
642 1425 794 1490 faciendis
829 1427 867 1490 de
891 1425 1071 1490 huiusmodi
1100 1424 1152 1488 uel
1174 1424 1246 1488 aliis
1270 1422 1429 1487 beneficiis
1451 1421 1550 1487 eccle-

346 1533 481 1598 siasticis
504 1532 539 1596 in
561 1531 626 1596 illis
648 1530 795 1614 partibus
818 1531 968 1616 speciales
991 1530 1042 1595 uel
1065 1529 1243 1615 generales,
1275 1527 1446 1612 apostolice
1466 1527 1549 1591 sedis

345 1638 395 1702 rel
417 1637 596 1722 legatorum
619 1635 685 1700 eius
709 1636 819 1700 literas
841 1635 1054 1720 impetrarint,
1079 1634 1179 1700 eciam
1199 1635 1305 1718 siper
1327 1655 1379 1698 eas
1401 1633 1441 1697 ad
1464 1631 1548 1697 inhi-

347 1741 524 1818 bicionem,
557 1742 804 1806 reseruacionem
829 1744 861 1806 et
888 1742 1047 1806 decretum
1076 1739 1127 1804 uel
1149 1739 1227 1803 alias
1250 1738 1486 1822 quomodolibet
1506 1737 1551 1802 sit

345 1867 536 1932 processum.
584 1843 666 1920 Quas
683 1845 809 1928 quidem
829 1845 937 1909 literas
960 1849 993 1910 et
1014 1865 1177 1930 processus
1200 1843 1325 1908 habitos
1347 1865 1404 1929 per
1426 1844 1549 1908 easdem

345 1973 381 2016 ac
412 1952 485 2016 inde
518 1953 625 2015 secuta
657 1970 851 2034 quecumque
880 1951 919 2014 ad
953 1949 1165 2033 parrochiales
1196 1948 1340 2014 ecclesias
1369 1947 1550 2012 huiusmodi

344 2056 489 2122 volumus
512 2077 577 2121 non
601 2057 738 2131 extendi,
762 2055 815 2120 sed
831 2054 955 2119 nullum
969 2075 1026 2138 per
1040 2054 1100 2119 hoc
1122 2053 1176 2132 eis,
1201 2053 1303 2137 quoad
1320 2052 1549 2118 assecucionem

343 2161 567 2227 beneficiormn
598 2159 732 2225 aliorum
763 2159 972 2244 preiudicium
994 2159 1157 2244 generari,
1188 2158 1231 2223 Et
1261 2157 1455 2242 quibuslibet
1477 2157 1549 2222 aliis

344 2267 521 2352 priuilegiis
544 2265 756 2351 indulgenciis
788 2270 820 2330 et
842 2265 944 2330 literis
974 2264 1157 2349 apostolicis
1179 2263 1379 2348 generalibus
1401 2263 1453 2328 uel
1475 2285 1546 2346 spe-

343 2371 475 2437 cialibus
499 2391 757 2455 quorumcuuque
778 2375 925 2434 tenorum
940 2369 1090 2447 existant,
1114 2391 1246 2454 perque
1262 2369 1460 2452 presentibus
1481 2389 1546 2433 non

344 2497 492 2561 expressa
514 2476 566 2540 uel
589 2475 732 2540 totaliter
763 2497 826 2540 non
850 2475 970 2540 inserta
992 2475 1120 2540 effectus
1143 2495 1250 2538 earum
1273 2473 1419 2558 impediri
1442 2473 1546 2560 valeat

343 2581 578 2666 quomodolibet
599 2581 649 2644 uel
673 2580 802 2658 differri,
826 2581 919 2645 etde
942 2581 1056 2664 quibus
1072 2601 1269 2664 quorumque
1283 2579 1359 2644 totis
1383 2578 1545 2643 tenoribus

342 2685 487 2750 habenda
519 2684 562 2748 sit
591 2685 625 2748 in
658 2683 774 2747 nostris
803 2684 905 2748 literis
936 2685 1059 2748 mencio
1088 2683 1239 2767 specialis.
1303 2683 1436 2748 Prouiso
1464 2683 1547 2767 quod

340 2795 470 2874 propter
500 2788 648 2853 vnionem
679 2789 888 2854 annexionem
918 2794 949 2853 et
981 2789 1272 2873 incorporacionem
1304 2789 1484 2854 huiusmodi
1514 2789 1543 2854 si

341 2895 430 2972 fiant,
454 2898 486 2959 et
508 2895 654 2958 effectum
678 2894 864 2972 sarciantur,
889 2893 1099 2978 parrochiales
1113 2895 1241 2959 ecclesie
1263 2894 1404 2978 predicte
1425 2894 1541 2959 debitis

340 3021 405 3065 non
428 2999 613 3064 fraudentur
634 2998 793 3082 obsequiis
817 3003 850 3063 et
872 2999 1050 3063 animarum
1065 3021 1141 3064 cura
1162 2997 1195 3063 in
1219 2999 1263 3064 eis
1280 3000 1462 3064 nullatenus
1485 3021 1541 3064 ne·

340 3105 492 3190 gligatun
516 3105 569 3168 sed
593 3125 700 3168 earum
724 3103 828 3168 debite
850 3108 1078 3188 supportentur
1102 3125 1197 3169 onera
1214 3111 1371 3169 consueta.
1410 3103 1543 3168 Attente

341 3231 465 3294 quoque
486 3207 687 3294 prouidentia
712 3231 751 3272 ne
766 3208 1038 3293 resignacionibus
1053 3209 1234 3274 huiusmodi
1250 3209 1278 3272 si
1293 3207 1373 3273 fiant
1395 3231 1432 3274 ex
1456 3213 1544 3293 parte

338 3311 509 3379 Rectorum
533 3315 690 3378 dictarum
705 3312 952 3396 parrochialium
967 3315 1168 3378 ecclesiarum
1182 3317 1215 3380 et
1230 3312 1448 3378 minersitatis
1470 3334 1541 3396 pre-

340 3419 499 3485 dictorum
522 3419 630 3502 aliqua
653 3419 794 3501 prauitas
818 3419 1012 3483 interueniat
1034 3440 1088 3482 seu
1112 3419 1209 3483 eciam
1233 3418 1420 3501 corruptela.

425 3522 492 3588 Nos
508 3524 615 3599 eciam¹
640 3523 667 3586 si
690 3523 880 3588 erectionem
902 3524 1049 3588 inionem
1072 3523 1282 3588 annexionem
1304 3527 1336 3586 et
1359 3523 1540 3606 incorpora·

337 3627 459 3692 cionem
490 3649 525 3692 ac
555 3626 617 3690 alia
646 3627 798 3712 premissa
827 3627 937 3711 vigore
966 3627 1163 3710 presencium
1186 3627 1255 3693 fieri
1285 3627 1474 3712 contigerit,
1506 3630 1544 3690 ut

338 3733 505 3818 prefertur,
529 3753 586 3816 pro
602 3735 745 3815 tempore
768 3731 954 3796 existentem
967 3730 1167 3815 Prepesitnm
1190 3731 1272 3796 dicte
1294 3731 1421 3796 ecclesie
1433 3730 1465 3794 S.
1482 3730 1543 3795 Ge·

337 3839 420 3924 orgii
449 3837 587 3902 eiusdem
609 3834 714 3900 Studii
747 3835 980 3900 Cancellarium
1011 3837 1171 3920 perpetuis
1200 3835 1316 3900 suturis
1347 3836 1544 3919 temporibus

338 3942 511 4029 apostolica
533 3940 722 4006 auctoritate
745 3941 878 4006 facimus
898 3963 1042 4006 creamus
1057 3940 1279 4006 constituimus
1301 3945 1336 4005 et
1356 3941 1543 4024 deputamus

336 4068 372 4111 ae
387 4047 468 4124 illos,
493 4068 571 4130 quos
586 4045 690 4129 primo
706 4043 715 4078 ²
734 4043 882 4130 diligenti
898 4046 1042 4110 examine
1057 4050 1090 4110 et
1103 4046 1237 4110 seruatis
1252 4045 1415 4110 seruandis
1429 4047 1544 4130 ydonei

208 4191 214 4214 r
336 4153 454 4236 reperti
477 4151 615 4230 fuerint,
646 4151 685 4214 ad
710 4147 938 4216 Bacallariatus
960 4152 1089 4217 licencie
1111 4149 1290 4236 Magisterii
1312 4155 1344 4216 et
1366 4150 1544 4215 doctoratus

335 4257 476 4341 aliosque
509 4256 625 4342 gradus
655 4275 869 4339 quoscumque
899 4255 933 4320 in
958 4255 1132 4341 Theologia
1161 4259 1293 4341 utroque
1323 4257 1390 4322 iure
1420 4255 1543 4320 artibus

405 4485 417 4536 l
438 4481 604 4546 fclrlerhaft‚
625 4480 697 4536 wohl
717 4500 749 4535 zu
772 4481 861 4537 lesen:
879 4483 927 4552 qui
946 4483 1050 4553 prcuio.
