3460 5314
695 437 702 451 '
784 429 916 489 Foonlien
934 431 1067 492 Juridica.

1004 595 1135 661 Rectori
1156 592 1256 659 XIIII
1277 599 1309 680 β.

1004 699 1199 765 Concellario
1222 698 1239 763 I
1264 699 1333 765 flor.

1003 805 1078 870 fiseo
1100 804 1196 871 Vn'in.
1218 803 1318 868 Iflor.

1003 909 1078 974 fiseo
1101 908 1159 974 fao.
1184 906 1218 972 II
1241 909 1308 973 flor.

674 1081 711 1147 In
736 1082 803 1146 ium
834 1081 984 1146 canonico
1004 1036 1061 1098 pro
1084 1014 1228 1080 examine
1250 1012 1315 1078 VII
1343 1012 1410 1078 flor.

712 1141 713 1144 ¹
1004 1117 1179 1203 promotori
1202 1139 1260 1202 pro
1287 1117 1528 1185 kthedrolibus

695 1186 745 1252 vel
758 1185 842 1251 civili
860 1189 987 1250 ionium
1023 1221 1075 1288 HI
1095 1222 1125 1288 fl.

1002 1326 1123 1392 duobus
1133 1329 1442 1413 oompromoioribns
1453 1328 1486 1393 II
1494 1330 1527 1394 fl.

1003 1430 1132 1516 pedellis
1155 1429 1255 1496 XIIII
1279 1436 1310 1517 β.

1002 1535 1221 1601 Consentiones
1253 1539 1285 1600 ot
1315 1536 1389 1600 vina
1419 1541 1454 1602 vi
1476 1537 1525 1603 fa·

1028 1640 1128 1705 culino
1154 1640 1323 1705 ordinabit.

1003 1762 1131 1827 Rectori
1154 1761 1253 1827 XIIII
1275 1767 1306 1847 β.

1002 1866 1198 1934 cancellario
1221 1866 1237 1931 Ι
1260 1867 1328 1932 flor.

1001 1972 1078 2037 fiseo
1100 1972 1198 2037 Vniu.
1222 1970 1326 2036 Iflor.

1002 2078 1077 2142 fiseo
1099 2077 1158 2142 fao.
1184 2074 1253 2141 IIII
1275 2077 1342 2142 flor.

1003 2203 1062 2269 pro
1085 2181 1229 2247 examine
1250 2179 1351 2246 XIIII
1373 2181 1441 2245 flor.

730 2316 769 2381 1„
792 2317 925 2398 Vtroque
1004 2307 1062 2372 pro
1091 2286 1332 2352 kathedralibus
1363 2288 1527 2370 promoio-

1023 2390 1111 2454 ribue
1133 2389 1202 2454 1111
1224 2390 1256 2453 fl.

1001 2499 1137 2580 quatuor
1182 2493 1489 2580 oompromotoribus

1023 2599 1092 2665 IIII
1113 2601 1145 2666 fl.

1001 2705 1132 2791 pedellis
1155 2705 1171 2768 I
1192 2705 1261 2768 flor.
1385 2695 1390 2706 ’

1002 2809 1212 2877 confectiones
1236 2813 1271 2873 vi
1285 2807 1449 2873 ordinabit
1471 2809 1488 2872 f
1507 2843 1522 2856 -

394 1683 618 1752 Licentiandue

1026 2917 1136 2982 cultos.

998 3027 1074 3090 fisco
1097 3020 1205 3085 Iaculi.
1231 3017 1247 3083 Ι
1269 3019 1340 3083 flor.

998 3149 1056 3213 pro
1077 3123 1255 3190 kathedral.
1281 3116 1315 3187 ΙΙ
1338 3123 1405 3186 flor.

998 3230 1128 3317 pedellis
1152 3227 1186 3292 II
1207 3228 1274 3292 flor.

999 3334 1167 3421 prandium
1183 3354 1241 3416 pro
1254 3330 1402 3396 omnibus
1420 3328 1523 3393 birre-

679 3454 720 3518 In
742 3452 841 3516 albero
856 3451 981 3514 ionium
1020 3439 1097 3504 iotis
1113 3437 1245 3503 cuilibet
1260 3434 1382 3500 doebori
1399 3433 1524 3519 regenti

1022 3568 1121 3610 vnum
1132 3544 1287 3609 birreIum
1297 3540 1336 3604 od
1348 3538 1522 3603 ordinatio-

598 3727 604 3740 ·
1023 3672 1094 3715 nem
1127 3646 1306 3724 facultate,
1342 3643 1525 3729 cyrothecae

327 3726 643 3844 D⁰⁰I⁰f³¹¹fiu³pnu⁸
1023 3753 1165 3819 oeruinas
1176 3772 1233 3836 pro
1242 3749 1432 3826 doctoribus,
1442 3747 1521 3811 alias

392 3832 575 3896 ¹¹⁰⁰¹¹t¹⁹¹t¹¹⁸
1025 3860 1123 3923 bonas
1147 3878 1204 3941 pro
1229 3854 1401 3940 magistris¹

1000 3963 1074 4028 fisoo
1097 3961 1205 4026 facult.
1228 3957 1262 4023 II
1284 3958 1353 4023 flor.

1000 4088 1058 4151 pro
1080 4062 1224 4128 kathedr.
1248 4062 1317 4128 ΙΙΠ
1340 4063 1408 4127 flor.

1001 4193 1058 4256 pro
1081 4168 1261 4233 doctoribus
1285 4167 1345 4232 fac.
1371 4164 1439 4230 IIII
1460 4165 1490 4230 fl.

1005 4274 1135 4359 pedeliis
1158 4270 1193 4338 ΙΙ
1214 4272 1283 4337 flor.

1004 4379 1171 4464 prandium
1194 4377 1316 4442 birreta
1331 4397 1366 4441 oo
1381 4374 1529 4462 cyrothe-

1025 4505 1075 4549 cas
1098 4487 1133 4547 vt
1156 4504 1261 4566 supra.

731 4219 770 4286 In
792 4224 926 4299 viroque
