3504 5322
721 437 836 492 Statuta
857 439 930 494 1536.
1358 438 1418 504 391

225 596 294 660 fieri
310 595 461 660 omnibus
485 595 678 680 petentibus,
702 595 765 660 nisi
788 595 996 661 indoctissimi
1019 596 1101 674 sint,
1132 595 1232 660 debet.
1279 595 1347 662 Hoc
1369 621 1420 662 or-

225 702 297 765 dine
326 701 381 784 qui
409 702 587 767 studuerint
618 702 708 766 bonis
730 700 868 780 artibuS,
899 701 964 765 illis
986 723 1025 765 ne
1047 702 1171 778 abesto,
1203 701 1230 764 si
1252 701 1285 766 in
1309 707 1383 768 cont
1405 740 1420 752 -

224 807 334 872 bernio
356 808 532 894 degendum
554 809 616 874 sibi
637 830 702 873 non
723 808 886 892 putarint,
921 808 948 872 si
980 811 1085 872 tamen
1116 805 1199 890 apud
1221 829 1293 872 suos
1317 807 1420 896 Magi·

223 916 304 977 stros
326 935 361 978 ac
383 919 589 999 praeceptores
618 915 652 978 in
682 914 797 999 oppido
827 913 1009 978 manserint.
1056 911 1237 989 Quinetiam
1269 935 1340 977 cum
1363 938 1418 999 pa-

223 1019 365 1084 rentibus
388 1041 423 1086 ac
446 1020 633 1105 propinquis
655 1020 720 1086 suis
742 1020 848 1085 uiuere
870 1020 980 1096 liceat,
1010 1019 1037 1082 si
1060 1023 1167 1084 tamen
1191 1018 1250 1082 sub
1272 1017 1420 1104 Magistri

223 1125 355 1190 alicuius
378 1127 443 1191 sint
466 1126 641 1210 disciplina.

312 1229 397 1304 Quod
416 1230 442 1294 si
459 1229 529 1314 quis
544 1230 711 1314 imperium
723 1229 869 1314 Magistri
885 1232 940 1292 aut
956 1227 1156 1313 praeceptoris
1173 1227 1254 1292 ferre
1270 1228 1417 1310 noluerit,

223 1357 294 1399 eum
316 1335 385 1400 uita
407 1335 576 1400 delectetur
599 1334 754 1400 libertatis
776 1333 962 1419 illegitimas,
989 1333 1070 1397 sciat
1084 1332 1146 1396 sibi
1168 1332 1224 1396 illo
1248 1337 1316 1398 toto
1338 1339 1418 1406 1111-
1513 1329 1524 1357 '

224 1463 300 1524 pore
321 1440 433 1504 incerti
456 1461 563 1504 cursus
586 1439 634 1503 sui
658 1439 813 1503 honorum
835 1439 920 1502 uiam
944 1459 1010 1502 esse
1031 1437 1218 1503 obstrusam.

309 1544 370 1620 Qui
392 1546 518 1628 quidem
541 1545 579 1608 ad
602 1543 735 1614 honores
759 1543 953 1627 aspirabunt,
977 1544 1158 1627 praecripto
1182 1548 1321 1630 tempore
1344 1544 1416 1610 doc·

225 1651 318 1715 trinae
340 1651 456 1715 artium
479 1669 605 1734 operam
629 1649 758 1727 dabunt,
783 1669 848 1714 non
871 1651 973 1714 solum
988 1652 1024 1714 ut
1039 1649 1216 1715 eruditione
1238 1651 1414 1734 promereri

221 1755 310 1833 illos,
342 1755 512 1820 sedetiam
546 1753 722 1838 exemplum
746 1775 838 1819 suum
859 1752 999 1818 discendi
1028 1775 1063 1819 ac
1085 1759 1169 1820 reete
1191 1755 1321 1820 uiuendi
1341 1778 1416 1839 pro·

222 1860 296 1924 bare
318 1859 450 1944 possint.

310 1965 432 2030 Gradus
462 1969 566 2029 sutem
598 1965 658 2029 duo
688 1970 777 2043 sunt,
810 1987 890 2029 unus
921 1985 1029 2030 eorum
1057 1964 1112 2048 qui
1143 1963 1416 2031 Baccalaurei

224 2072 301 2136 dicti
323 2075 398 2135 arnt
420 2094 439 2136 a
461 2071 629 2158 prioribus,
653 2092 722 2154 quae
744 2091 819 2134 sane
842 2092 903 2134 uox
926 2071 1115 2148 retineatur,
1148 2071 1202 2135 sed
1225 2092 1273 2134 res
1295 2070 1417 2135 intelli-

225 2181 318 2262 gatur
341 2176 379 2240 de
401 2178 535 2260 quodam
558 2176 740 2241 testimonio
763 2175 852 2240 bonae
875 2175 951 2260 spei,
975 2176 1127 2259 inquam
1143 2175 1250 2240 uenire
1273 2175 1416 2253 debeant,

223 2285 277 2366 qui
300 2282 364 2346 illis
386 2282 445 2347 hoc
468 2282 576 2346 datum
597 2301 664 2344 esse
687 2283 910 2364 cognouerunt,
934 2284 970 2344 ut
993 2279 1067 2345 hinc
1089 2281 1128 2344 ad
1144 2281 1239 2346 altius
1261 2280 1416 2363 quoddam

220 2387 384 2472 fastigium
406 2387 606 2451 conscensuri
628 2408 692 2450 esse
711 2386 887 2450 uideantur.
934 2385 1025 2449 Alter
1040 2384 1335 2471 Magistrorum
1357 2391 1414 2464 est,

221 2515 298 2577 quos
320 2479 403 2556 sirint
424 2513 539 2556 nomen
563 2492 668 2575 ipsum
690 2490 837 2566 declarat,
860 2490 987 2554 uoluere
1010 2489 1073 2555 iam
1097 2495 1129 2555 et
1154 2491 1289 2556 aliorum
1311 2490 1415 2555 studia

150 2579 154 2591 ⁸
219 2598 375 2664 moderari
398 2621 434 2664 ao
457 2619 574 2684 regere,
597 2597 782 2682 praestantia
805 2598 940 2682 quadam
962 2596 1149 2662 eruditionis
1172 2596 1254 2661 hanc
1276 2618 1340 2660 non
1363 2616 1413 2659 so·

219 2705 286 2768 lum
306 2704 490 2768 facultatem
512 2704 565 2768 sed
588 2704 685 2768 etiam
710 2704 758 2768 ius
781 2703 937 2787 quoddam
960 2708 1150 2769 consecutos.

305 2808 365 2885 Qui
387 2810 486 2894 igitur
502 2808 786 2873 Baccalaurei
810 2807 879 2872 fieri
900 2807 1019 2886 uolent,
1042 2830 1162 2888 annum
1185 2807 1223 2872 ad
1245 2806 1413 2871 minimum

217 2937 314 2978 vnum
336 2917 368 2978 et
389 2918 539 2978 semestre
561 2915 715 2978 bonarum
737 2914 901 2978 literarum
933 2919 1027 2998 atque
1053 2915 1171 2980 artium
1193 2912 1306 2978 studiis
1328 2912 1412 2976 inui-

217 3021 349 3106 gilanto,
373 3019 562 3102 professores
586 3019 712 3084 illarum
727 3019 850 3085 assidue
872 3031 903 3084 et
919 3019 1090 3105 diligenter
1105 3019 1267 3097 audiunto,
1291 3018 1412 3082 nullam

216 3126 327 3190 horam
350 3124 435 3188 illius
458 3123 607 3188 doctrina
629 3125 827 3210 negligente,
851 3125 1027 3207 prasertim
1044 3125 1070 3190 si
1094 3147 1172 3209 quas
1195 3123 1282 3189 obire
1305 3122 1412 3209 legiti-

218 3254 305 3296 mum
329 3229 380 3307 sit,
403 3232 441 3293 ut
462 3228 641 3294 Dialecticre
663 3228 900 3312 Rhetorieaeque
922 3235 1161 3314 praeceptorum,
1186 3229 1412 3294 elementorum

216 3335 364 3411 Euclidis,
388 3334 596 3418 philosophia
612 3333 831 3412 Aristotelicas,
856 3333 1028 3399 latinarum
1043 3355 1287 3420 graecarumque
1311 3332 1411 3417 inpri-

217 3441 278 3505 mis
301 3462 375 3504 uero
399 3460 557 3502 sacrarum
580 3437 751 3514 literarum,
775 3437 809 3500 in
833 3437 946 3521 quibus
962 3440 1114 3504 obeundis
1137 3439 1353 3505 assiduitatem
1375 3461 1411 3504 ac

218 3544 416 3630 diligentiam
439 3565 527 3606 suam
549 3545 677 3627 plenam
692 3542 794 3608 facere
809 3547 955 3608 tenentur
971 3546 1161 3611 testimoniis
1181 3544 1409 3631 magistrorum

216 3651 441 3737 profitentium.

300 3755 359 3820 Sed
382 3755 420 3818 ad
444 3755 613 3819 secundum
635 3755 768 3840 gradum
791 3755 826 3821 M
833 3779 851 3820 a
858 3757 1037 3842 gisterii
1067 3757 1254 3821 tantundem
1283 3757 1410 3841 quidem
1496 3787 1499 3794 ·

213 3860 363 3944 temporis
386 3860 420 3923 in
449 3860 505 3924 tali
537 3860 721 3925 assiduitate
755 3882 790 3925 ac
819 3861 986 3946 diligentia
1014 3861 1205 3946 completum
1227 3884 1293 3927 esse
1316 3862 1410 3945 idque

211 3968 347 4051 aliquem
370 3969 520 4030 testatum
541 3966 643 4032 facere
659 3989 757 4052 posse,
782 3988 847 4050 prae
863 3967 984 4032 caeteris
1006 3987 1081 4030 uero
1096 3965 1239 4051 Physicae
1261 3988 1297 4032 ac
1314 3966 1407 4031 Ethi-

213 4095 256 4137 cae
284 4071 498 4157 Philosophiae
537 4076 692 4156 praecepta
731 4071 836 4137 sedulo
866 4093 899 4135 se
932 4072 1118 4158 cognouisse
1147 4071 1315 4136 ordinariis
1344 4072 1409 4136 illis

212 4177 308 4255 horis,
332 4177 470 4243 docento.
517 4175 556 4241 ln
578 4178 637 4242 hoc
659 4179 687 4241 si
711 4178 780 4263 quis
803 4177 940 4261 aliquem
963 4199 1025 4261 quo
1050 4177 1155 4241 minus
1179 4177 1207 4240 ei
1229 4180 1357 4256 noceat,
1381 4177 1408 4241 si

212 4287 354 4368 tempore
388 4283 542 4367 praefinito
560 4278 750 4360 deficiatur,
781 4282 929 4347 adiuuare
957 4287 989 4347 et
1011 4283 1125 4348 callide
1158 4281 1331 4368 prouehere
1352 4285 1408 4345 aut

213 4388 318 4475 gratia
339 4387 531 4453 authoritate
553 4388 587 4453 ui
608 4389 833 4474 largitionibus
864 4409 897 4453 se
919 4376 1048 4454 moueri*
1062 4390 1180 4454 aliosue
1202 4387 1408 4473 opitulatores

213 4494 333 4579 acquiri
362 4493 490 4559 suadere
521 4496 628 4580 patiue
658 4494 753 4574 uelit,
787 4494 842 4582 qui
871 4494 997 4574 iacent,
1029 4494 1061 4558 in
1091 4517 1163 4560 eum
1185 4516 1222 4560 ac
1244 4496 1406 4578 corruptos
