3462 5320
426 1437 726 1543 ultumas
765 1436 1129 1545 rflntnoaloa

774 1721 802 1795 Ι.

602 1912 824 1987 STATUTA
857 1911 965 1984 1480.
1003 1975 1014 1996 ,

270 2102 309 2167 ln
331 2106 463 2171 nomine
485 2112 593 2173 sancte
615 2112 647 2172 et
669 2107 831 2172 indiuidua
861 2106 1018 2170 trinitatis
1041 2105 1154 2171 Amen.
1201 2107 1281 2173 Cum
1304 2110 1388 2174 inter

183 2207 261 2272 alias
286 2210 379 2274 nobis
402 2212 443 2276 ab
466 2213 532 2277 alto
557 2233 718 2280 concessas
741 2212 913 2278 industrias
940 2211 996 2275 illa
1018 2233 1081 2276 non
1103 2213 1238 2278 minima
1260 2235 1386 2278 censea-

183 2319 246 2390 tur,
271 2335 331 2398 que
353 2315 399 2379 sic
421 2314 589 2382 homiuum
611 2325 733 2384 mentes
757 2319 869 2394 eleuat,
892 2321 927 2381 vt
950 2338 1011 2400 que
1034 2317 1106 2382 fidei
1123 2322 1197 2383 sunt
1212 2319 1386 2386 orthodoxe

183 2418 309 2502 sapiant
331 2425 363 2484 et
385 2422 497 2485 ceteris
520 2423 672 2488 doctrinis
703 2423 864 2488 mellifluis
894 2443 1029 2505 superne
1058 2423 1202 2488 veritatis
1224 2424 1308 2488 viam
1332 2425 1385 2488 de-

183 2528 382 2590 monstrent:
414 2525 489 2590 hinc
525 2532 573 2592 est
605 2529 687 2612 quod
710 2549 795 2592 anno
825 2527 1036 2592 anatiuitate
1066 2527 1187 2591 domini
1218 2528 1385 2592 millesimo

184 2627 495 2715 quadringentesimo
528 2633 741 2718 octuagesimo
771 2635 913 2715 tempore
944 2631 1228 2716 reincipiendorum
1259 2638 1384 2698 actuum

183 2733 418 2799 scolasticorum
451 2737 532 2802 alme
561 2738 655 2802 huius
677 2738 894 2802 uniuersitatis
917 2737 1138 2822 Tuwiugensis
1169 2761 1227 2803 nos
1250 2739 1384 2802 decanus

182 2840 312 2922 totaque
344 2840 478 2906 facultas
510 2842 690 2929 theologica
720 2842 938 2908 uniuersitatis
969 2843 1107 2908 eiusdem
1139 2881 1179 2890 —
1213 2847 1247 2907 vt
1270 2845 1383 2908 saltem

92 2941 107 2956 ⁴
183 2941 252 3024 ipsa
274 2947 386 3008 nostra
416 2945 553 3012 facultas
587 2949 620 3011 in
651 2947 718 3011 suis
748 2946 863 3012 debitis
894 2947 1046 3011 doctrinis
1077 2953 1109 3012 et
1131 2949 1289 3013 exerciciis
1320 2970 1385 3014 non

183 3049 331 3131 tepescat,
355 3049 410 3114 sed
433 3049 544 3115 dietim
567 3053 705 3117 fructum
720 3051 879 3136 parturiat
894 3052 1064 3115 salutarem
1080 3053 1206 3136 suisque
1229 3053 1273 3116 in¹
1286 3074 1386 3117 mem·

183 3152 248 3218 bris
271 3153 411 3219 debitum
436 3157 589 3241 suscipiat
612 3158 842 3221 incrementum
866 3195 906 3203 -
931 3162 1057 3221 matura
1073 3177 1129 3240 per
1152 3176 1209 3220 nos
1232 3157 1386 3222 delibera-

182 3257 269 3323 tione
291 3257 459 3343 prehabita
483 3265 605 3327 statuta
628 3263 762 3346 quedam
785 3266 817 3325 et
838 3260 1054 3326 ordinationes
1069 3260 1223 3324 edendum
1239 3261 1386 3326 duximus

182 3366 214 3426 et
236 3363 433 3429 condendum
455 3371 552 3450 atque
573 3367 770 3452 presentium
793 3369 903 3431 tenore
933 3367 966 3429 in
990 3365 1038 3430 dei
1071 3365 1199 3429 nomine
1222 3365 1386 3429 condimus

182 3471 214 3532 et
235 3469 428 3549 ordinamus,
452 3494 508 3556 per
531 3495 589 3538 nos
611 3478 643 3537 et
664 3477 789 3537 nostros
811 3472 910 3558 ipsius
939 3475 1047 3536 nostre
1075 3469 1237 3535 facultatis
1265 3491 1386 3535 succes·

183 3593 266 3638 sores
290 3574 555 3662 irrefragabiliter
578 3582 610 3642 et
634 3577 820 3642 inconuulsa
841 3577 1015 3652 seruanda,
1040 3578 1194 3660 quatenus
1218 3574 1310 3639 modo
1333 3575 1386 3638 de·

181 3676 249 3742 bito
272 3679 449 3765 theologico
473 3683 579 3747 studio
603 3681 746 3746 adhibito
762 3681 900 3766 amplius
916 3681 1016 3766 ipsius
1037 3680 1200 3745 facultatis
1222 3679 1386 3764 supposita

181 3783 332 3865 proficere
362 3783 536 3850 videantur.
594 3785 661 3850 Hac
689 3785 824 3869 denique
856 3789 977 3849 statuta
1008 3807 1065 3869 per
1095 3784 1213 3848 dictam
1244 3787 1385 3848 nostram

181 3888 418 3954 uniuersitatem
451 3891 633 3956 examinata
664 3894 696 3953 et
718 3890 856 3954 admissa
886 3875 1005 3974 suoque
1027 3890 1134 3976 sigillo
1158 3889 1332 3973 approbata
1354 3892 1386 3954 et

180 3995 329 4059 roborata
352 3996 437 4060 infra
459 3997 601 4062 seriatim
624 3995 829 4060 meminimus
853 3995 1021 4060 inserenda
1035 3995 1119 4060 hunc
1134 3998 1277 4059 tenorem
1299 4016 1385 4059 com-

181 4100 420 4183 prehendencia.

267 4204 419 4289 Inprimis
442 4208 551 4292 itaque
573 4207 607 4271 in
630 4208 768 4272 cuiusuis
791 4206 1000 4272 ordinationis
1023 4205 1160 4271 auctoris
1185 4205 1312 4270 nomine
1333 4203 1384 4269 in-

180 4307 328 4375 choantes
358 4312 546 4390 statuimus,
579 4313 662 4397 quod
694 4333 807 4399 regens
831 4314 1010 4397 quicunque
1046 4312 1079 4377 in
1102 4311 1253 4375 facultate
1276 4315 1386 4375 nostra

179 4415 361 4502 theologica
382 4421 506 4483 statuta
527 4418 710 4484 huiusmodi
733 4419 833 4503 ipsius
849 4417 1011 4484 facultatis
1026 4416 1204 4502 theologice
1220 4439 1277 4501 pro
1294 4437 1385 4502 posse

178 4525 383 4587 manuteneat
406 4522 658 4608 facultatemque
680 4524 812 4589 eandem
834 4525 1004 4610 diligenter
1027 4527 1222 4608 promouest.
