3460 5314
689 504 805 559 Stotnta
825 505 901 559 1539.
1329 507 1391 573 287

190 664 374 746 surrogetur
404 660 532 744 (salario
564 683 623 745 pro
654 665 724 725 rata
749 664 839 744 parte
863 661 1020 726 intereos
1043 662 1160 750 dimac)
1193 687 1287 748 quem
1319 665 1396 729 ordo

189 766 350 850 sequentis
375 767 537 830 semestris
560 768 599 830 ad
622 767 705 831 idem
729 788 845 831 munus
867 767 1102 850 suscipiendum
1124 772 1274 853 reposcet.

762 974 822 1040 ΙΙΙ.
953 1006 957 1013 ·

194 1129 252 1196 Dc
274 1131 515 1196 iuramento
538 1131 875 1215 recipiendorum
899 1131 1192 1198 inConsilium
1216 1139 1255 1199 ct
1276 1131 1396 1200 Sena·

591 1242 681 1302 tum
703 1237 843 1321 Studij
867 1237 993 1303 Juris.

281 1397 308 1459 1.
339 1393 503 1460 Saucimus
534 1398 715 1478 praetcrea,
750 1399 786 1459 ut
819 1394 965 1479 deinceps
995 1392 1140 1460 Decanus
1175 1395 1333 1460 neminem
1356 1417 1394 1460 ex

192 1497 385 1564 Doctoribus
408 1504 464 1564 aut
486 1499 680 1582 quibuslibet
703 1499 791 1582 alijs,
821 1499 876 1582 qui
899 1520 962 1564 non
985 1499 1028 1562 sit
1050 1500 1151 1563 nostri
1174 1501 1313 1578 ordinis,
1337 1521 1394 1564 nec

194 1603 229 1668 in
253 1602 360 1668 album
376 1601 478 1687 Studij
503 1603 582 1669 iuris
604 1604 647 1668 sit
671 1604 852 1688 inscriptus,
877 1603 991 1668 necin
1015 1605 1121 1687 aliqua
1141 1605 1345 1690 priuilegiata
1366 1607 1399 1670 et

193 1709 369 1792 approbata
384 1708 603 1775 Vniuersitate
626 1709 687 1774 rite
708 1714 883 1793 promotus,
908 1707 1056 1791 Consilijs
1079 1713 1208 1773 nostrae
1230 1710 1398 1793 professio·

194 1814 245 1877 nis
268 1812 425 1878 adhibeat.
478 1811 547 1877 Imo
578 1835 687 1877 omncs
723 1813 787 1877 iam
823 1813 990 1879 memorati
1020 1817 1052 1876 ct
1073 1817 1235 1896 praeterea
1257 1815 1311 1896 qui
1333 1833 1398 1878 non

194 1921 392 1983 sacramento
404 1917 629 1983 Jurisiurando
644 1941 677 1984 se
700 1918 793 1983 nobis
808 1917 1048 1994 adstrinxerint,
1072 1937 1089 1980 c
1111 1918 1270 1982 senatoria
1291 1921 1400 1983 noeirs

194 2021 343 2087 concione
365 2021 482 2087 exclusi
508 2026 612 2086 sunto.

283 2129 312 2190 2.
338 2125 486 2190 Formula
501 2147 576 2191 uero
591 2126 783 2205 duramenti,
807 2128 890 2211 qnod
914 2127 1122 2212 praestabunt
1148 2125 1279 2213 singuli,
1303 2127 1399 2211 quot·

199 2235 279 2314 quot
302 2232 335 2295 in
358 2231 417 2295 hoc
439 2231 511 2295 albo
535 2231 701 2296 nobiscum
724 2254 790 2296 esse
812 2232 923 2309 uelint,
947 2232 1021 2297 talis
1044 2237 1121 2296 esto.

289 2341 318 2400 3.
342 2334 508 2412 Jumbitis,
533 2334 612 2399 velle
635 2335 675 2399 ad
698 2335 860 2412 honorem,
885 2334 1057 2399 utilitatem
1072 2338 1104 2399 et
1126 2334 1325 2399 honestatem
1340 2331 1399 2399 Ju-

196 2438 313 2504 ridicae
335 2438 538 2523 professionis
561 2437 681 2501 nullius
703 2439 775 2503 odio
797 2442 853 2503 aut
875 2459 980 2502 amore
1011 2439 1211 2517 consultare,
1246 2437 1399 2524 suffragia

200 2546 232 2607 et
253 2543 426 2608 sentent-ias
449 2543 568 2620 dicere,
600 2542 763 2610 silentium
793 2545 828 2608 in
852 2543 945 2608 rebus
967 2543 1019 2608 uel
1042 2543 1081 2606 ad
1103 2550 1228 2628 tempus
1249 2541 1301 2608 uel
1324 2565 1397 2628 per-

197 2651 292 2731 petuo
325 2647 463 2713 celandis
493 2648 717 2712 demandatum
749 2651 928 2732 praestare,
964 2647 1113 2731 obsequio
1145 2652 1176 2711 et
1198 2647 1400 2713 ueneratione

198 2751 295 2837 digna
316 2752 443 2818 Statuta
466 2752 566 2817 nostri
589 2751 735 2832 Ordinis,
770 2759 803 2818 et
825 2754 908 2818 iussa
931 2752 1049 2818 Decani
1072 2757 1168 2836 atquc
1189 2753 1284 2817 simul
1308 2773 1400 2818 omne

196 2857 376 2942 legitimum
399 2856 571 2940 Imperium
597 2879 769 2942 capescere.

283 2962 398 3040 Dicite,

265 3069 319 3134 Ito
342 3071 425 3146 iuro,
448 3068 534 3149 quod
555 3090 604 3134 mc
624 3069 714 3134 Deus
736 3069 877 3134 adiacet.
901 3066 922 3148 †
1359 3135 1362 3142 ,

285 3179 314 3236 4.
339 3171 517 3237 Statuimus
542 3172 658 3248 etiam,
691 3176 726 3235 ut
758 3171 1008 3255 quandocunque
1039 3193 1076 3236 cx
1098 3169 1289 3235 Doctoribus
1312 3170 1401 3254 quis:

198 3279 285 3362 piam
308 3276 493 3362 suffragium
517 3298 609 3340 suum
631 3281 786 3340 secretum
809 3297 948 3353 monere,
972 3277 1028 3338 aut
1051 3274 1090 3338 ad
1105 3279 1225 3339 certum
1248 3276 1400 3359 temporis

198 3381 349 3466 spacium,
373 3381 439 3445 siue
463 3381 496 3445 in
520 3384 723 3464 perpetuum,
759 3385 855 3463 prout
877 3380 996 3444 factum
1019 3379 1127 3464 exigit,
1151 3377 1279 3443 silentio
1300 3381 1401 3444 credi·

202 3489 270 3550 tum
293 3507 360 3550 esse
381 3486 470 3563 uelit,
493 3490 529 3550 ut
552 3485 731 3562 admonitus
754 3485 819 3549 eius
842 3485 888 3549 rci
904 3482 1048 3548 Decanus
1069 3483 1178 3547 stricte
1194 3483 1273 3547 illud
1289 3488 1321 3548 et
1343 3483 1400 3548 ob-

198 3595 301 3656 servet
323 3594 354 3654 et
377 3591 418 3654 ab
441 3591 511 3674 alijs
534 3590 694 3654 obseruari
716 3593 804 3655 curet
826 3595 859 3653 et
881 3589 1056 3654 demandet.

758 3812 834 3880 IIII.

199 3953 430 4022 Defunctus
453 3978 526 4022 sno
550 3955 944 4034 munereDecanus,
969 3953 1170 4040 quomodo
1192 3955 1402 4023 rationem

595 4064 808 4148 deponere
830 4063 996 4128 debeat.

290 4225 316 4283 l.
342 4215 430 4283 Infra
452 4223 600 4284 octauum
624 4219 725 4299 diem,
761 4239 823 4303 quo
846 4217 1073 4304 magistratum
1097 4239 1188 4283 sunm
1212 4219 1305 4284 alteri
1326 4240 1402 4285 con·

198 4325 300 4403 cessit,
330 4325 468 4388 rationes
498 4346 570 4389 suas
606 4323 749 4389 Decanus
784 4324 867 4408 apud
902 4323 1196 4389 Jureconsultorum
1231 4324 1402 4411 collegium

199 4430 358 4513 deponito.

287 4538 316 4598 2.
340 4532 448 4618 Atque
471 4534 637 4618 pecuniam
668 4534 766 4600 libros
791 4535 919 4622 signum
948 4539 981 4600 et
1003 4535 1112 4600 literas
1142 4539 1174 4600 et
1198 4555 1403 4624 quaecunque
