3460 5314
321 445 385 509 294
767 443 898 498 facultas
916 443 1049 500 Juridioa.

320 602 547 679 iudicauerint,
578 602 617 666 ad
639 601 813 667 Dominum
836 603 1065 669 Cancellarium
1089 627 1160 670 eum
1183 605 1360 672 deducunto
1383 611 1414 671 et
1437 607 1515 671 satis

319 710 488 795 probatum
510 730 582 773 eum
613 707 673 772 sibi
704 691 770 773 esse
792 709 1009 774 testimonium
1042 710 1100 774 sub
1122 711 1299 777 iuramento
1321 713 1516 778 credulitatis

319 815 453 879 ferunto.
501 813 598 878 Porro
623 814 833 879 Cancellarius
856 815 894 878 ad
919 836 1049 878 examen
1072 815 1231 901 publicum
1256 818 1422 884 admittere
1442 841 1515 884 eum

319 941 384 984 non
407 916 541 995 differto,
565 918 648 983 diem
670 922 701 983 et
723 917 834 983 horam
858 920 973 1003 quibus
996 941 1096 984 nouae
1119 923 1268 987 materiae
1291 923 1319 987 ei
1334 945 1515 1010 proponan-

320 1033 382 1102 tur,
405 1023 582 1109 praefinito.

321 1255 376 1322 De
406 1253 584 1340 publico
607 1249 809 1317 Examina
838 1273 923 1316 cum
953 1251 1184 1319 Candidato
1216 1255 1263 1319 ad
1292 1255 1517 1324 licentiam

781 1357 1062 1423 instituendo.

412 1555 446 1620 si
469 1553 535 1618 dies
557 1551 724 1637 praefinita
740 1548 917 1630 adfulserit,
941 1557 1090 1638 surgente
1112 1575 1233 1630 aurora,
1259 1575 1355 1637 quam
1378 1554 1518 1638 primum

322 1667 428 1748 potest
448 1659 651 1734 Candidatus,
673 1656 827 1740 templum
852 1657 1028 1743 ingreditor
1049 1662 1081 1722 et
1103 1657 1148 1721 ibi
1171 1656 1321 1723 Doctores
1343 1663 1518 1744 expectato,

322 1768 377 1852 qui
400 1765 599 1830 inuocatione
614 1761 753 1846 Spiritus
776 1763 878 1826 sancti
901 1761 989 1847 prius
1012 1762 1162 1841 adhibita,
1185 1763 1219 1826 in
1243 1768 1395 1828 secretum
1411 1763 1518 1830 Eccle-

321 1871 385 1936 siae
406 1871 510 1935 locum
533 1867 735 1932 conceduntu.
783 1866 907 1932 Debent
930 1868 1015 1932 enim
1036 1861 1119 1933 inire
1133 1869 1308 1947 consilium,
1332 1892 1410 1954 quos
1433 1875 1519 1935 trac-

324 1981 409 2041 tatus
432 1977 487 2039 aut
510 1996 589 2058 quae
611 1975 729 2056 puncta
744 1995 852 2037 rursus
876 1973 924 2037 illi
946 1975 1142 2039 committere
1163 1979 1195 2039 et
1218 1997 1391 2059 proponere
1406 1976 1519 2054 uelint,

323 2085 355 2145 et
378 2082 405 2145 si
427 2079 557 2145 consilio
579 2079 737 2159 maturato
760 2077 794 2142 in
817 2090 854 2142 es
876 2099 911 2142 re
933 2079 1114 2143 conclusum
1129 2082 1187 2157 est,
1209 2079 1335 2145 Deeanu
1358 2081 1520 2166 delegetur

323 2193 392 2255 tota
414 2185 524 2252 statim
546 2183 687 2260 materia,
710 2183 758 2247 illi
781 2183 997 2248 demandanda
1018 2205 1054 2248 eo
1078 2186 1179 2259 modo,
1203 2189 1239 2250 ut
1262 2185 1412 2268 sequitur.

411 2291 536 2358 Petenti
560 2313 591 2354 se
613 2289 799 2354 submittere
821 2288 947 2372 publico
978 2290 1115 2354 examini
1148 2312 1206 2374 pro
1238 2289 1455 2374 consequenda
1477 2290 1518 2354 li·

323 2399 425 2466 eentia
448 2396 560 2462 saltem
593 2395 625 2459 in
649 2394 726 2460 Jure
749 2394 907 2460 Canonico
929 2395 1027 2459 statui
1057 2396 1172 2460 debent
1195 2398 1228 2459 et
1249 2395 1434 2460 demandari
1457 2396 1520 2461 duo

325 2507 488 2582 tractatus,
512 2523 592 2567 vnus
608 2502 642 2564 in
657 2498 882 2579 Decretalibus,
907 2501 987 2564 alter
1009 2523 1085 2566 uero
1101 2503 1133 2565 in
1145 2501 1286 2566 Decreto.
1332 2500 1371 2565 In
1387 2499 1521 2566 distino-
1622 2487 1636 2512 ⁰

323 2609 463 2675 tionibus
486 2611 593 2671 tamen
615 2605 725 2669 norint
747 2605 829 2669 nihil
851 2606 1095 2671 examinandum
1118 2606 1229 2671 debere
1256 2606 1400 2691 proponi.
1445 2605 1520 2670 Pari

325 2716 466 2792 ratione,
497 2713 549 2797 qui
581 2710 666 2775 subit
688 2733 816 2775 examen
846 2711 881 2775 in
903 2709 980 2778 Jure
1002 2711 1116 2790 Ciuili,
1150 2712 1351 2795 respondebit
1381 2711 1419 2776 ad
1441 2711 1518 2775 duos

324 2823 496 2894 tractatus,
528 2838 662 2899 quorum
685 2816 764 2880 alter
786 2839 823 2881 ex
847 2813 978 2896 Codice,
1012 2819 1091 2882 alter
1122 2839 1159 2881 ex
1182 2815 1314 2903 Digesto
1336 2817 1433 2882 veteri
1455 2815 1518 2900 ipsi

322 2926 513 3011 designetur,
537 2921 670 3005 sumptis
693 2922 731 2985 ad
753 2922 813 2986 hoc
835 2925 962 2986 tautum
985 2923 1061 2988 lucis
1085 2923 1260 2988 ordinariis.

411 3029 474 3094 Eos
496 3031 651 3093 tractatus
674 3027 725 3092 uel
746 3032 865 3111 puncta
889 3027 939 3114 (ut
961 3029 1182 3115 allegauimus)
1209 3029 1318 3093 eudem
1340 3031 1449 3112 postea
1471 3027 1523 3092 die

324 3137 403 3202 hora
426 3133 641 3220 pomeridiana
664 3133 799 3198 secunda
823 3134 1015 3200 Candidatus
1037 3134 1177 3217 primum
1199 3155 1304 3198 coram
1327 3132 1522 3198 Cancellario

323 3247 356 3308 et
379 3240 510 3307 consilio
529 3239 731 3325 professionis
747 3236 906 3304 Juridicae
921 3241 1064 3317 recitato,
1074 3231 1078 3238 ’
1089 3240 1176 3304 cuius
1193 3239 1294 3304 forma
1309 3239 1403 3304 etiam
1426 3261 1523 3324 supra

325 3349 362 3413 de
385 3345 487 3411 officio
510 3343 630 3410 Decsni
653 3343 811 3429 descripta
833 3348 900 3422 est;
924 3345 1017 3409 finita
1037 3367 1073 3409 ea
1094 3345 1287 3423 recitatione,
1310 3345 1428 3410 faciant
1451 3368 1520 3410 cum

331 3475 366 3518 eo
388 3450 579 3536 professores
602 3450 776 3533 periculum
799 3451 921 3536 ingenij
945 3455 977 3515 et
1000 3447 1185 3516 eruditionis
1200 3455 1232 3516 et
1247 3472 1430 3537 progressus
1453 3455 1524 3516 stu·

325 3559 380 3642 dij,
404 3556 586 3642 ingenijque
607 3555 688 3620 vires
711 3555 883 3640 explorent.
930 3554 989 3631 Qui
1012 3555 1039 3619 si
1062 3556 1099 3619 ad
1123 3556 1219 3620 finem
1249 3555 1342 3621 huius
1371 3557 1524 3622 materiae

328 3661 535 3745 responderit,
559 3661 720 3746 paulisper
742 3660 923 3738 dimittitur,
947 3664 983 3725 ut
1005 3660 1133 3725 interim
1150 3661 1389 3726 Examinatores
1412 3663 1450 3728 de
1472 3685 1522 3728 re·

327 3767 547 3852 sponsionibus
578 3772 610 3832 et
641 3767 817 3833 eruditione
840 3767 905 3830 eius
928 3766 1123 3844 consultent,
1159 3771 1190 3831 et
1213 3789 1253 3830 au
1276 3767 1424 3833 idoneum
1446 3789 1522 3846 esse,

326 3877 358 3938 et
381 3873 512 3958 dignum
535 3873 679 3958 probent,
704 3877 758 3937 aut
780 3872 946 3958 indiguum
972 3873 1121 3948 iudicent,
1144 3873 1318 3937 sententias
1333 3874 1448 3937 dicant.
1480 3869 1524 3936 Et

326 3980 353 4044 si
376 3979 503 4043 illorum
536 3980 719 4043 testimonio
751 3979 902 4062 probetur
932 3979 1066 4064 dignus,
1098 3979 1310 4044 Cancellarius
1339 3978 1378 4044 ad
1402 3981 1523 4044 certum

325 4085 408 4150 diem
431 4084 558 4169 publico
579 4084 697 4149 indicto
721 4088 878 4148 conuentu
901 4082 1074 4148 Candidato
1099 4084 1259 4148 licentiam
1283 4083 1437 4161 conferet,
1473 4081 1523 4147 cui

327 4191 355 4254 si
377 4189 463 4255 cordi
486 4189 581 4266 sedet,
604 4190 731 4274 poterit,
754 4190 847 4254 modo
864 4189 1004 4275 Collegio
1019 4187 1192 4254 Doctorum
1215 4211 1339 4274 quoque
1362 4189 1523 4273 probetur,

326 4296 433 4362 eadem
455 4294 505 4359 die
528 4295 671 4360 doctores
693 4295 833 4382 insignia
854 4295 1019 4380 suscipere.

414 4400 605 4485 Quaenuque
628 4423 665 4466 ex
687 4401 831 4488 legitima
854 4401 949 4466 etiam
973 4423 1065 4467 causa
1086 4400 1203 4466 Ductor
1230 4400 1387 4485 quispiam
1410 4399 1523 4464 absens

329 4507 435 4588 fuerit,
459 4508 584 4591 quando
607 4506 798 4573 Candidatus
827 4529 886 4594 pro
909 4507 1020 4589 quouis
1051 4508 1152 4593 gradu
1181 4504 1310 4570 caeteris
1333 4502 1524 4569 Ductoribus
