3464 5318
354 431 415 498 148
647 431 689 486 33.
709 428 857 486 Ordinatio
878 430 963 500 Regis
981 429 1153 486 ferdinandi
1176 431 1250 488 1525.

351 591 663 674 praedicamentorum
681 591 907 677 Paraphrasim
922 597 954 657 et
969 593 1178 677 Epithomata
1199 595 1267 659 siue
1281 616 1381 678 parua
1390 593 1555 679 Logicalia

351 694 446 758 Fabri
462 695 608 760 uelPetri
620 695 758 780 Hispani
770 696 916 777 Tantum,
934 701 989 762 aut
999 698 1025 762 si
1037 698 1122 764 hunc
1138 720 1261 783 quoque
1276 698 1443 763 fastidiant
1454 697 1555 762 Audi-

349 803 443 878 torea
466 799 673 884 Rudolphum
696 801 881 887 Agricolam
904 803 955 867 uel
971 803 1219 888 Trapezuntium
1241 804 1365 868 meliori
1388 803 1499 868 ordine
1521 804 1553 866 et

349 903 477 968 clariori
499 897 768 989 interpretatione
791 907 829 971 ad
853 906 1044 990 Auditorum
1067 909 1244 993 profectum
1267 931 1306 974 ex
1326 908 1460 992 Scholijs
1483 907 1551 972 siue

349 1007 590 1094 Commentarijs
613 1011 817 1094 praefatorum
843 1012 1033 1078 Authorum.

436 1113 475 1178 In
506 1114 789 1200 Philosophia
817 1139 892 1183 uero
924 1118 1081 1183 morali
1112 1117 1279 1204 Collegiati
1311 1118 1389 1197 duo,
1425 1117 1553 1201 quando

349 1220 511 1304 syncerior
525 1216 661 1284 habetur
679 1220 836 1285 traductio
852 1220 1033 1287 Aristotelis
1056 1225 1150 1306 atque
1172 1245 1229 1308 per
1243 1222 1397 1288 Jacobum
1412 1221 1552 1286 Fabrum

351 1323 485 1408 Scholijs
516 1329 547 1389 et
571 1325 814 1410 Commentarijs
848 1348 913 1390 non
936 1327 1173 1393 contemnendis
1196 1331 1244 1392 est
1264 1329 1440 1405 illustrata,
1473 1327 1550 1411 ipsis

348 1429 612 1495 Aristotelis
642 1432 766 1493 textum
795 1429 930 1494 fideliter
962 1441 994 1495 et
1023 1432 1206 1517 diligenter,
1239 1439 1272 1497 et
1301 1455 1364 1497 non
1387 1433 1491 1497 obiter
1514 1435 1551 1495 ut

348 1534 500 1598 hactenus
522 1535 659 1598 tradant.
705 1532 834 1618 Exque
857 1535 923 1600 hacc
937 1535 1151 1620 Philosophiae
1165 1559 1239 1622 pars
1254 1538 1390 1602 niaxime
1412 1537 1552 1622 pertinet

348 1640 387 1704 ad
409 1644 528 1705 rectam
558 1640 631 1704 vitae
665 1640 904 1705 institutionem
936 1645 1005 1706 tum
1034 1643 1073 1706 ad
1105 1643 1281 1726 superiores
1304 1643 1463 1707 doctrinas
1485 1641 1552 1704 siue

348 1744 528 1809 Facultates
550 1745 759 1809 uehementer
783 1745 937 1809 conducat
959 1745 1159 1829 potissimum
1175 1746 1214 1810 ad
1230 1746 1437 1831 Theologiam
1459 1749 1491 1808 et
1513 1745 1553 1808 ad

346 1849 654 1933 Jurisprudentiam‚
684 1847 776 1914 Vnde
800 1849 970 1914 Auditores
993 1851 1089 1914 etiam
1119 1851 1159 1914 ad
1182 1855 1248 1916 tam
1271 1851 1365 1916 utiles
1386 1850 1550 1915 Lectiones

347 1954 537 2019 audiendum
559 1956 767 2039 asstringant.

434 2058 589 2125 Caeterum
605 2060 666 2145 ipsi
682 2059 832 2145 Magistri
855 2058 938 2123 nihil
955 2080 1042 2143 aeque
1060 2059 1225 2138 curabunt,
1250 2080 1344 2142 quam
1369 2063 1404 2122 ut
1418 2056 1550 2122 Adoles-

346 2170 450 2230 centes
481 2168 609 2251 optimae
642 2167 709 2252 spei
734 2170 765 2231 et
789 2165 904 2230 indolis
928 2165 1151 2242 adhortentur,
1176 2165 1273 2228 immo
1289 2164 1488 2248 asstringant
1510 2162 1549 2228 ad

345 2272 530 2336 memoriam
544 2271 775 2335 diffinitionum
791 2271 983 2335 diuisionum
999 2274 1031 2334 et
1046 2270 1292 2335 necessariarum
1306 2267 1551 2333 demonstratio-

345 2400 442 2455 num,
471 2383 507 2441 vt
530 2378 631 2463 magis
654 2377 772 2441 Textui
806 2399 901 2460 quam
931 2377 1156 2462 glossematum
1191 2378 1223 2438 et
1253 2372 1552 2457 quaestiuncularum

346 2482 481 2566 argutijs
511 2482 687 2547 inhaereant
716 2482 839 2565 sibique
869 2479 1008 2546 fructum
1038 2481 1112 2546 inde
1135 2481 1283 2558 afferant,
1317 2499 1495 2561 nomenque
1517 2481 1549 2540 et

346 2585 463 2650 famam
481 2585 692 2652 Vniuersitati
716 2587 898 2665 extendant,
922 2607 962 2650 ne
984 2585 1097 2650 insulsi
1121 2585 1275 2669 rudesque
1290 2584 1434 2648 doctrina
1456 2585 1551 2666 atque

345 2690 469 2772 eloquio
483 2690 655 2757 Parentum
669 2693 856 2776 substantijs
872 2692 1028 2756 incassum
1044 2692 1179 2756 decoctis
1195 2691 1322 2756 domum
1339 2691 1549 2753 reuertentur.

589 2936 1036 3038 Deconductiouibus
1058 2934 1299 3022 legentium.

432 3115 516 3179 Dum
532 3114 750 3179 conducuntur
761 3111 913 3178 Doctores
929 3117 962 3175 et
975 3110 1124 3195 Magistri
1150 3126 1407 3191 quarumcunque
1432 3105 1545 3169 Facul-

344 3225 467 3300 tatum,
498 3221 754 3285 anirnaduertant
777 3218 981 3284 conductores
1011 3216 1052 3280 a'd
1073 3213 1254 3279 Articulum
1277 3234 1313 3275 ea
1334 3209 1372 3275 dc
1396 3231 1430 3273 re
1452 3207 1547 3273 Ordi-

344 3327 485 3404 nationi‚
520 3327 603 3390 inter
626 3329 738 3389 caetera
762 3322 990 3388 Vniuersitatis
1013 3320 1141 3386 Statuta
1162 3319 1312 3396 insitum,
1336 3335 1429 3398 quem
1452 3314 1548 3378 etiam

344 3431 556 3497 Conductores
585 3431 646 3515 ipsi
682 3431 875 3515 praescriptis
908 3428 985 3492 inibi
1020 3426 1126 3491 uerbis
1158 3425 1262 3488 iurare
1294 3421 1406 3485 solent.
1464 3416 1551 3482 Adeo

226 3576 231 3586 ·
344 3539 428 3621 quod
458 3536 607 3601 Exteruis
638 3539 670 3599 et
701 3535 821 3599 idoneis
853 3538 885 3598 et
917 3532 1049 3596 utilibus
1079 3552 1170 3612 aeque
1199 3531 1308 3612 puteat
1340 3526 1426 3589 locus
1457 3527 1552 3606 atque

343 3643 495 3706 Patriotis
525 3641 623 3706 etiam
657 3642 692 3705 in
726 3641 788 3704 alia
818 3637 1034 3705 Vniuersitate
1063 3633 1238 3720 Magisterij
1272 3630 1324 3695 uel
1354 3628 1544 3693 Doctoratus

343 3747 522 3832 insignibus
544 3745 714 3810 exornatis.

433 3853 574 3937 Cumque
604 3853 655 3917 uel
689 3873 801 3936 parum
830 3851 882 3914 uel
912 3847 1018 3932 potius
1048 3843 1131 3908 nihil
1154 3841 1322 3907 conueniat
1345 3837 1551 3902 luridioae

343 3961 453 4025 Facu
465 3959 499 4022 lt
510 3982 528 4022 a
539 3960 573 4022 ti
596 3979 667 4024 cum
691 3956 786 4020 sectis
802 3954 1000 4018 Artistarum
1016 3948 1151 4013 maxime
1175 3947 1213 4011 ad
1228 3947 1356 4010 modum
1379 3939 1551 4027 superioris

343 4067 466 4130 Aetatis
489 4064 690 4139 traditarum,
715 4060 927 4125 Conductores
952 4057 991 4120 de
1012 4057 1124 4119 eaetero
1146 4071 1343 4135 nequaquam
1367 4046 1550 4111 aemulanter

341 4172 554 4255 equalitatem
578 4168 791 4253 Collegiorum
814 4165 882 4229 siue
903 4163 1085 4236 Bursarum
1109 4159 1191 4222 sicut
1212 4155 1364 4219 hactenus
1386 4151 1452 4214 illis
1474 4170 1547 4213 oon·

342 4281 465 4340 suctum
489 4279 576 4352 erat,
609 4273 670 4338 Sed
693 4293 763 4355 quae
790 4269 948 4355 praecipua
977 4269 1008 4329 et
1030 4263 1170 4328 maxima
1192 4261 1274 4325 ratio
1298 4279 1363 4322 esse
1385 4255 1478 4320 debet
1500 4257 1549 4317 at·

341 4383 475 4446 tendant
507 4383 539 4443 et
568 4378 740 4463 respiciant
775 4376 814 4441 ad
847 4371 986 4458 eligendi
1018 4369 1195 4434 doctrinam
1226 4368 1259 4429 et
1282 4361 1428 4448 peritiam
1456 4359 1489 4422 in
1513 4381 1550 4422 ea

341 4489 493 4555 facultate
517 4506 613 4568 <quam
635 4482 778 4566 profiteri
802 4480 903 4544 debet.
949 4476 991 4542 Et
1014 4477 1089 4559 quia
1112 4475 1282 4560 paupertas
1306 4465 1447 4532 faecunda
1468 4463 1551 4528 solet
