3442 5314
480 445 504 500 1.
533 443 691 516 Pdpstliohe
710 443 790 499 Bulla
807 461 873 500 rom
893 445 932 502 13.
950 443 1022 502 Nor.
1045 446 1119 502 1476.
1351 451 1393 516 23

194 608 330 689 quatuor
352 606 390 670 de
413 627 496 671 nouo
518 603 683 689 erigendos
706 625 742 669 66
765 603 1003 689 quomodolibet
1017 608 1146 684 erectos,
1169 610 1303 691 quatuor
1324 631 1392 674 ma-

191 709 288 796 gistri
301 711 335 774 in
358 711 489 786 artibus,
514 709 569 794 qui
595 710 629 774 in
652 707 769 774 eisdem
792 710 913 775 artibus
928 713 1001 775 6616
1023 711 1133 795 legant
1154 714 1186 776 et
1208 717 1330 796 regant,
1355 714 1393 778 ed

91 831 95 840 ·
192 815 271 880 alios
294 836 367 880 vero
389 837 444 880 sex
470 813 683 880 Oanouioatus
706 817 739 879 et
760 815 935 899 prebendas
957 815 1114 901 predictos
1134 815 1190 880 alii
1212 816 1272 880 viri
1295 817 1393 882 66616-

192 920 313 985 siastici
335 920 420 985 docti
442 922 475 984 et
496 917 623 1004 ydonei,
647 918 687 982 ad
709 918 862 1004 regendas
886 920 991 984 decem
1017 941 1055 984 ex
1077 920 1256 986 huiusmodi
1278 921 1392 987 (lathe-

192 1025 258 1089 drir
292 1025 327 1088 iu
357 1024 465 1090 eodem
487 1022 599 1088 Studio
631 1044 688 1108 per
721 1022 975 1089 lllustrissimem
1006 1023 1163 1090 dominam
1190 1025 1393 1091 Meohtildem

189 1129 446 1196 Arrhiduoissem
475 1129 608 1194 Austrie
632 1133 690 1195 eto
722 1129 845 1194 ratione
879 1129 961 1196 dotis
992 1151 1047 1194 sue
1079 1131 1181 1214 quoed
1211 1131 1328 1197 uixerit
1360 1137 1393 1197 et

190 1235 304 1300 deiude
334 1239 485 1319 perpetuo
514 1255 571 1318 per
594 1233 714 1300 dietum
743 1233 907 1300 dominum
930 1232 1086 1298 Comitem
1116 1233 1149 1298 in
1174 1233 1392 1321 Wirtemberg

191 1343 224 1406 61
244 1339 334 1404 111166
348 1338 546 1404 Successoros
568 1339 603 1402 iu
625 1339 703 1404 Jnre
725 1343 913 1425 patronatus
934 1339 1076 1423 predieto
1101 1340 1276 1425 presentari
1298 1343 1330 1404 et
1352 1340 1391 1404 ad

189 1445 459 1529 presentationem
483 1444 664 1510 huiusmodi
695 1444 728 1509 in
752 1442 926 1510 Oanouioos
956 1443 1039 1509 diote
1060 1443 1187 1508 66616616
1209 1443 1335 1508 16611161
1359 1455 1391 1510 61

191 1551 334 1614 instituti
348 1548 521 1614 Cathedras
545 1549 630 1634 ipses
653 1570 761 1634 regere
775 1553 945 1614 teneantur
959 1553 991 1614 et
1007 1548 1150 1625 debeant,
1175 1545 1222 1612 Aa
1243 1548 1390 1613 obtinen-

190 1653 276 1718 tibus
298 1674 358 1737 pro
379 1657 524 1737 tempore
546 1653 646 1720 dietas
668 1652 879 1720 (16666166166
902 1658 934 1718 61
961 1654 1135 1739 prebendas
1157 1653 1390 1737 Cathedresque

191 1763 264 1824 6616
286 1759 469 1845 regentibus
499 1759 534 1824 in
564 1760 770 1824 uniuersitate
793 1758 951 1844 predicte,
986 1763 1023 1824 ut
1046 1758 1197 1843 quamdiu
1220 1756 1390 1822 Cetbedras

192 1864 278 1950 ipses
300 1864 450 1943 rexerint,
474 1864 591 1929 diuinis
614 1865 649 1929 in
671 1864 756 1930 diota
778 1864 909 1930 eeclesia
931 1864 1033 1930 666611
1049 1861 1159 1928 Georii
1173 1863 1207 1926 16
1231 1865 1390 1946 quaeunt

191 1969 356 2035 duodecim
377 1971 522 2056 perpetui
545 1969 654 2035 vioarii
676 1969 819 2054 deputati
842 1968 952 2034 diuina
972 1969 1079 2034 6111616
1096 1967 1213 2032 ibidem
1229 1966 1390 2032 eelebren-

193 2077 251 2151 tes,
274 2079 307 2139 et
327 2074 392 2140 illis
416 2075 598 2139 insistentes
612 2073 738 2138 racione
753 2073 1004 2139 Oeuouieetuum
1019 2076 1052 2140 et
1066 2072 1296 2156 prebendarum
1318 2092 1389 2156 pre-

190 2179 345 2245 dictorum
368 2180 519 2244 iuteresse
540 2199 604 2242 nou
627 2181 805 2255 teneamur,
828 2178 890 2242 nisi
908 2177 1058 2261 quatinus
1074 2177 1225 2242 interesse
1240 2178 1389 2240 tenentur

190 2285 307 2350 diuinis
336 2285 369 2349 16
392 2285 522 2350 eeclesia
549 2283 580 2350 S.
604 2282 742 2368 Spiritus
773 2281 1026 2368 heidelbergensi
1049 2280 1295 2348 Wormaoieusis
1321 2280 1389 2346 dio·

189 2391 268 2454 cesis
295 2391 396 2474 ipsius
429 2388 556 2456 66616616
576 2387 606 2454 S.
630 2388 769 2475 Spiritus
799 2387 950 2454 Oanoniei
983 2386 1155 2452 Oetbedras
1186 2389 1331 2472 regentes
1354 2385 1388 2450 iu

189 2495 395 2560 uniuersitate
416 2493 522 2560 Studii
552 2493 821 2578 heidelbergensis
852 2494 969 2577 absque
999 2514 1034 2558 eo
1068 2493 1152 2576 quod
1175 2493 1209 2556 iu
1232 2488 1316 2556 dieta
1337 2512 1387 2555 eo·

191 2600 288 2666 alesia
309 2599 339 2666 S.
363 2599 470 2665 Georii
492 2599 611 2664 diuinis
633 2600 783 2664 intersint
805 2619 859 2664 sau
882 2599 1033 2664 insistent
1059 2597 1228 2663 eorundem
1251 2595 1388 2662 Canoni-

189 2709 318 2770 oatuum
341 2709 372 2770 et
395 2705 626 2790 prebendarum
647 2704 769 2771 fruetus
792 2705 933 2771 redditus
956 2707 989 2768 et
1010 2707 1183 2790 prouentus
1199 2700 1307 2766 Eoiam
1330 2721 1388 2786 pro

187 2811 292 2876 tribus
314 2809 426 2895 primis
447 2806 548 2889 aunis,
572 2831 631 2894 pro
655 2810 769 2894 quibus
792 2810 868 2874 noui
884 2808 1034 2875 Oanoniei
1057 2809 1146 2874 iuxta
1168 2806 1268 2891 ipsius
1289 2805 1387 2870 eoele-

187 2915 233 2980 616
254 2915 288 2979 16
310 2914 527 3000 Siudelfingen
549 2919 671 2980 statute
691 2916 812 2994 iurata,
836 2916 909 2980 illos
933 2937 998 2980 uon
1020 2914 1209 2999 percipiunt,
1233 2911 1288 2978 sed
1311 2933 1385 2996 per·

188 3019 249 3087 tim
272 3019 420 3084 defuneto
431 3018 601 3098 Canonioo,
624 3021 742 3106 partim
758 3020 877 3086 fabrioe
899 3021 1024 3099 sedunt,
1047 3041 1119 3084 oum
1143 3040 1179 3082 66
1201 3017 1388 3101 integritate

189 3125 381 3210 quotidianis
403 3125 683 3192 distribuoiouibus
705 3126 870 3191 dumtaxat
892 3125 1049 3210 exeeptis,
1082 3123 1243 3209 percipere
1265 3121 1388 3206 possint

188 3234 221 3296 et
242 3229 376 3294 debeant
395 3233 490 3314 atque
506 3231 691 3316 percipiant,
715 3253 786 3296 oum
801 3253 864 3315 qua
886 3231 957 3295 illos
972 3231 1182 3315 perciperent,
1210 3228 1238 3292 si.
1261 3228 1294 3291 16
1317 3230 1387 3311 ipse

188 3335 319 3400 ecelesia
339 3333 370 3401 S.
395 3333 502 3400 Georii
524 3335 641 3400 diuinis
663 3337 866 3412 interessent,
890 3357 947 3399 neo
970 3335 1009 3399 ad
1031 3332 1281 3397 interessendum
1304 3330 1385 3396 diui-

188 3440 237 3504 nis
265 3439 299 3503 iu
330 3439 413 3504 dieta
445 3440 575 3506 66616616
596 3440 626 3506 S.
651 3440 759 3506 Georii
787 3440 866 3504 alias
897 3443 1064 3504 teneantur
1096 3441 1152 3502 661
1174 3437 1213 3501 ed
1236 3436 1267 3500 id
1289 3435 1387 3500 inuiti

189 3545 340 3612 ooarotari
362 3545 487 3610 valeant
516 3547 578 3612 uisi
602 3547 752 3630 quatinus
776 3546 809 3608 in
842 3544 972 3610 ecelesia
993 3543 1023 3608 S.
1047 3543 1185 3628 Spiritus
1209 3539 1384 3606 heidelber-

187 3651 289 3735 gensi,
313 3651 419 3714 eadem
442 3651 629 3715 auctoritate
651 3650 857 3716 oonoedimus.

278 3753 430 3819 Volentes
452 3759 485 3818 et
518 3758 694 3819 statuentes
726 3754 771 3820 eis
793 3753 973 3819 huiusmodi
1002 3771 1130 3816 suorum
1153 3750 1258 3814 deeem
1281 3747 1383 3814 Oano-

188 3861 349 3924 nioatuum
380 3862 414 3922 et
441 3859 672 3943 prebendarum
700 3859 821 3924 fruetus
851 3859 992 3924 redditus
1014 3859 1187 3942 prouentus
1217 3876 1253 3919 66
1274 3855 1385 3920 emoli-

188 3965 295 4028 menta
325 3983 528 4046 queeuuque,
558 3965 669 4048 qussi
701 3963 888 4028 interessent
911 3963 1027 4026 diuinis
1056 3962 1090 4025 iu
1121 3960 1228 4024 eadem
1257 3959 1385 4024 eoelesia

187 4068 395 4153 perciperent,
419 4067 543 4153 integre
565 4068 740 4133 ministrari
764 4067 884 4146 debere,
909 4067 1068 4132 ordinarie
1090 4068 1123 4128 et
1145 4063 1283 4128 cuiusuis
1305 4064 1384 4128 alte-

188 4173 254 4237 rius
276 4171 498 4238 molesteoione
520 4173 555 4237 16
577 4173 638 4238 hiis
660 4177 693 4238 et
714 4173 796 4238 oiroa
819 4195 855 4237 ee
881 4176 1019 4239 66666616
1041 4173 1073 4236 61
1095 4173 1224 4234 semota.
1269 4168 1385 4234 11161-

188 4276 376 4342 ohilomiuus
393 4278 420 4342 si
436 4280 474 4344 ad
491 4280 637 4344 effectum
651 4279 876 4364 premissorum
891 4277 1122 4364 resignaoiones
1137 4273 1383 4360 parrochialium

186 4382 386 4448 ecelesiarum
409 4384 621 4466 predictarum
644 4385 677 4449 in
700 4387 843 4451 fauorem
864 4385 990 4450 unionis
1017 4383 1204 4449 annexionis
1225 4385 1258 4447 et
1279 4381 1382 4446 incor-

185 4487 384 4574 poraoiouis,
407 4488 445 4552 de
468 4489 582 4578 quibus
605 4491 638 4555 in
661 4491 839 4580 apostolicis
863 4489 964 4557 literis
986 4488 1214 4567 mancionatur,
1240 4487 1331 4554 iuxta
1352 4489 1383 4550 et
