3442 5314
330 413 373 478 44
683 410 708 464 8.
727 406 861 462 Statuten
879 423 944 464 vom
963 407 988 461 9.
1010 404 1074 462 Okt.
1095 405 1171 463 1477.

328 572 435 638 eodem
468 573 521 638 die
552 572 602 638 oet
623 570 714 651 infre
738 570 884 636 Mensem
919 575 1040 637 comate
1069 568 1235 652 perrepere
1268 588 1333 634 eoa
1366 569 1534 637 ammittat.

327 676 398 760 Ipse
431 698 554 761 quoque
577 675 692 741 Rector
724 697 828 741 nouus
859 677 900 742 ab
938 675 1072 760 antiquo
1106 672 1320 752 inuestiatur,
1352 696 1408 758 per
1432 675 1532 740 tradi-

326 781 446 846 tionem
469 782 570 867 sigilli
592 780 773 859 Rectoriae,
804 780 922 867 sceptri
952 783 984 845 et
1007 779 1144 845 aliorum
1167 801 1228 865 que
1251 779 1399 845 babuerit
1421 780 1461 844 ad
1483 780 1533 846 of-

326 885 434 951 ficium
465 886 713 971 pertinentium,
748 908 820 950 cum
851 886 950 972 digua
981 885 1081 969 ipsius
1113 884 1238 969 antiqui
1260 883 1404 950 Rectoris
1436 885 1535 950 officii

327 991 542 1077 resignatione
576 997 608 1058 et
643 991 718 1055 noui
741 989 884 1056 Rectoris
919 988 1071 1055 laudabili
1104 988 1295 1074 quibusdam
1327 981 1550 1054 oratiunculis

330 1097 555 1184 acceptatione.

544 1341 601 1407 De
623 1341 777 1408 officio
802 1345 842 1407 et
863 1344 1086 1427 potestate
1107 1340 1318 1408 Rectoris.

416 1520 536 1586 lterum
559 1519 731 1584 statuimus
762 1521 795 1582 et
816 1517 1016 1595 ordinamus,
1045 1517 1129 1602 quod
1151 1517 1293 1584 cilicium
1315 1519 1459 1585 Rectoris
1481 1521 1535 1600 sit,

326 1626 690 1712 congregationes
722 1625 824 1690 facere
849 1621 1011 1688 Articulos
1037 1623 1072 1688 in
1101 1624 1401 1710 congregationibus
1423 1647 1480 1711 per
1502 1647 1537 1690 se

330 1731 480 1796 distincte
512 1751 707 1816 proponere,
738 1729 823 1795 Vota
845 1728 1045 1814 singulorum
1067 1728 1234 1816 colligere,
1265 1729 1536 1796 Contendentibus

331 1836 495 1903 silentium
526 1836 708 1921 imponere,
743 1857 781 1900 ex
817 1833 1108 1901 Deliberationibus
1142 1835 1272 1901 maioris
1306 1835 1424 1921 partis,
1460 1835 1537 1920 quid

330 1941 507 2029 agendum,
539 1940 742 2021 concludere,
775 1945 807 2006 et
830 1940 977 2006 conclusa
1004 1940 1094 2006 iuxta
1121 1940 1289 2005 consilium
1311 1940 1536 2026 deputatorum

328 2070 391 2113 vna
414 2069 487 2113 cum
510 2047 628 2112 eisdem
651 2047 779 2131 exequi,
807 2051 902 2132 prout
933 2068 984 2111 res
1006 2046 1147 2133 exegerit
1170 2045 1211 2112 Et
1235 2068 1271 2112 ea
1293 2068 1355 2132 que
1376 2047 1415 2112 ad
1438 2046 1536 2112 diuti-

328 2175 402 2218 nam
425 2153 471 2218 rei
494 2153 682 2217 memoriam
704 2152 867 2238 pertinent
890 2150 1070 2236 registrare.

417 2257 557 2323 Rursum
574 2257 719 2324 Rectoris
734 2256 876 2322 officium
890 2257 943 2334 sit,
967 2279 1025 2341 pro
1040 2279 1133 2342 posse
1148 2261 1180 2322 et
1204 2279 1296 2323 nosse
1318 2257 1403 2323 tueri
1424 2264 1457 2322 et
1478 2257 1536 2323 ob·

326 2385 452 2429 seruare
474 2364 661 2450 priuilegia,
693 2361 821 2428 Statuta
853 2365 885 2426 et
907 2362 1124 2428 ordinationes
1147 2361 1365 2427 vuiuersitatis
1387 2367 1419 2427 et
1447 2362 1537 2427 iuxta

329 2469 397 2553 ipsa
428 2469 510 2534 iuste
532 2469 686 2547 iudicare,
719 2467 762 2532 Et
783 2468 984 2554 singulorum
1006 2469 1161 2553 querelis,
1194 2467 1286 2552 perui
1307 2469 1391 2533 sicut
1414 2469 1536 2556 magni,

326 2572 474 2660 pauperis
508 2573 589 2640 sicut
611 2573 739 2652 diuitis,
772 2573 890 2657 absque
920 2595 1126 2658 personarum
1157 2572 1354 2658 acceptione,
1388 2578 1444 2639 aut
1475 2573 1539 2640 alia

325 2701 511 2763 quacunque
534 2682 739 2764 peruertente
760 2678 915 2743 iudicium
931 2679 1105 2757 affectione,
1130 2700 1233 2744 coram
1257 2700 1290 2743 se
1313 2678 1483 2744 admittere
1505 2683 1538 2744 et

325 2784 419 2869 plene
434 2783 579 2862 iudicare,
605 2783 812 2868 celeriterque
828 2787 924 2868 atque
941 2783 1045 2870 gratis
1071 2785 1227 2850 iustitiam
1241 2784 1354 2864 facere,
1377 2784 1538 2850 Abusores

326 2889 570 2976 priuilegiorum
593 2893 625 2955 ct
648 2892 901 2974 transgressores
934 2889 1172 2956 ordinationum
1195 2895 1228 2954 et
1250 2893 1442 2955 statutorum
1466 2889 1538 2954 vni·

326 2995 470 3059 uersitati
503 2995 670 3079 propalare
701 2999 733 3059 et
758 2995 846 3060 iuxta
879 3016 988 3059 eorum
1010 2996 1179 3060 consilium
1202 2996 1359 3082 corrigere
1382 3000 1415 3061 et
1438 3017 1537 3081 penas

327 3100 461 3186 exigere,
485 3098 608 3166 [literas
631 3123 757 3186 quoque
779 3099 995 3187 priuilegiales
1018 3105 1050 3164 et
1073 3100 1305 3166 testimoniales
1336 3100 1426 3166 iuxta
1449 3101 1535 3166 ordi·

326 3205 490 3271 nationem
513 3205 664 3292 sigillare,
689 3203 840 3272 Nouitios
863 3205 1049 3283 intitulare,
1074 3205 1253 3270 iuramenta
1274 3205 1422 3290 recipere,
1445 3203 1538 3270 Nulli

325 3311 476 3377 tractatui
505 3312 555 3377 vel
589 3311 721 3377 consilio
755 3312 925 3387 iuteresse,
962 3310 1016 3394 qui
1040 3315 1151 3376 contra
1187 3311 1340 3376 honorem
1363 3314 1396 3376 et
1418 3314 1538 3376 statum

326 3417 458 3482 dominii
488 3418 609 3496 nostri,
639 3417 858 3483 uniuersitatis
889 3438 925 3481 ac
956 3415 1051 3480 huius
1081 3415 1224 3482 ciuitatis
1257 3437 1387 3502 vergere
1419 3421 1537 3502 posset.

329 3519 525 3587 Generaliter
548 3523 682 3606 denique
705 3522 848 3588 Rectoris
872 3521 1014 3586 officium
1035 3520 1080 3585 sit
1100 3543 1208 3587 curam
1232 3523 1265 3586 et
1287 3521 1537 3588 sollicitudinem

329 3627 445 3692 habere
468 3627 506 3691 de
529 3627 677 3692 omuibus
704 3649 784 3712 quae
807 3625 928 3692 faciunt
951 3626 991 3690 ad
1012 3626 1213 3691 commodum
1234 3625 1409 3691 Doctorum
1433 3626 1538 3714 Magi-

328 3735 466 3796 strorrun
497 3736 529 3796 et
550 3730 743 3809 Scolarium,
779 3735 985 3817 augmentum
1009 3730 1107 3796 studii
1129 3736 1162 3797 et
1184 3732 1362 3817 profectum
1386 3733 1537 3811 doctrine,

328 3838 373 3903 Vt
397 3838 454 3902 illa
484 3837 655 3924 diligenter
683 3859 740 3922 pro
771 3859 863 3922 posse
885 3841 916 3902 et
939 3859 1030 3902 nosse
1053 3841 1219 3921 procuret,
1253 3841 1285 3902 et
1308 3837 1467 3904 mntraria
1489 3860 1539 3903 re-

325 3945 424 4029 pellat
446 3946 542 4028 atque
565 3942 720 4021 excludat,
744 3942 860 4007 Rarius
888 3964 1013 4027 quoque
1036 3941 1130 4006 solito
1148 3943 1305 4027 pervices
1321 3943 1456 4022 incedat,
1480 3943 1538 4008 he-

328 4047 460 4113 nestiori
483 4048 595 4112 habitu
618 4053 650 4113 et
673 4048 820 4132 ampliori
843 4049 991 4114 comitiva
1014 4069 1111 4132 quam
1136 4052 1212 4113 ante
1234 4048 1443 4114 Recteratum
1465 4053 1538 4116 uta·

330 4156 384 4218 tur
407 4153 475 4218 siue
498 4154 579 4219 delo.

423 4258 547 4324 Habeat
575 4263 737 4344 praeterea
766 4259 882 4327 Rector
911 4281 969 4344 pro
1003 4265 1144 4344 tempore
1180 4259 1538 4326 iurisdietionem

325 4365 526 4450 singulorum
549 4363 723 4430 Doctorum
747 4365 976 4453 Magistrorum
998 4370 1030 4430 et
1052 4365 1293 4452 suppositorum
1318 4365 1540 4433 uniuersitatis

324 4469 367 4534 ut
389 4491 447 4557 pro
462 4471 563 4537 causis
577 4472 781 4558 expediendis
796 4477 933 4558 quatuor
950 4475 1059 4538 teneat
1074 4475 1106 4538 et
1120 4471 1237 4537 habeat
1260 4471 1539 4538 consiliarios
