3504 5322
542 499 675 556 Statuten
693 499 741 555 des
760 501 997 558 contuberninms
1018 506 1095 561 1536.
1345 509 1407 574 437

204 659 482 746 superstitionibus
513 660 726 744 praeficiuntor
757 661 940 728 muneribus
964 663 1100 748 publicis
1123 665 1157 729 in
1180 665 1405 733 Contubernio.

202 763 249 829 De
271 765 434 852 religionis
457 768 543 831 recle
565 770 597 831 et
619 765 777 850 exquisite
799 768 925 831 ratione
940 772 1035 852 atquc
1052 770 1151 834 etiam
1167 793 1233 848 vsu,
1256 772 1312 856 qui
1328 793 1405 837 con-

201 871 344 952 temtim‚
376 871 527 950 ridicule,
562 872 786 938 contumeliose
816 873 966 956 loquetur
990 895 1082 938 nemo
1105 875 1213 940 fartor.
1261 875 1406 961 Denique

203 977 344 1041 numinis
367 977 590 1064 intelligentia,
615 977 784 1056 veneratio,
809 978 922 1056 cultus,
947 985 1107 1064 respectus
1132 979 1172 1044 ab
1195 979 1245 1045 his
1267 981 1406 1064 primum

201 1105 238 1148 ac
269 1083 470 1167 potissimum
501 1089 666 1169 praestator
695 1089 750 1149 aut
780 1084 947 1168 priuautor
977 1106 1110 1149 munere
1140 1105 1206 1148 suo.
1253 1084 1295 1150 Et
1330 1087 1406 1170 quia

201 1187 317 1254 Rector
346 1211 381 1254 ac
404 1188 551 1274 Magistri
575 1188 708 1277 collegii
738 1212 801 1275 quo
828 1191 931 1274 magis
953 1191 1095 1268 assidue,
1128 1212 1254 1274 quoque
1275 1191 1407 1275 propius

201 1315 274 1358 suos
297 1294 462 1374 affuerint,
495 1317 530 1360 eo
560 1296 672 1361 melius
695 1318 732 1360 ac
754 1296 871 1362 rectius
894 1318 965 1360 cum
988 1296 1053 1360 illis
1077 1299 1183 1360 actum
1206 1295 1246 1359 iri
1270 1299 1404 1375 constat,

201 1399 368 1485 (perpetua
397 1401 482 1464 enim
511 1399 637 1465 fictione
668 1405 762 1486 atque
793 1401 985 1466 formatione
1019 1401 1135 1468 teneris
1174 1402 1288 1466 animis
1326 1423 1405 1488 opus
1443 1441 1446 1446 ι

202 1503 261 1588 est)
292 1503 360 1567 ideo
385 1503 498 1568 Rector
528 1507 559 1568 ct
582 1503 729 1590 Magistri
757 1505 881 1590 collegii
908 1505 1146 1572 contubernalis
1170 1506 1204 1570 in
1228 1504 1404 1573 contuber-

200 1608 254 1673 nio
277 1607 426 1694 degunt0,
452 1613 632 1694 pascuntor,
657 1610 802 1675 cubante.
841 1609 1015 1686 Quodnisi
1040 1609 1168 1689 faciant,
1194 1610 1316 1676 functio
1339 1612 1403 1678 illis

200 1713 359 1779 adimatur
392 1713 531 1778 muneris
563 1714 621 1777 sui.
674 1713 705 1780 Si
740 1719 846 1778 tamen
880 1720 934 1780 aut
968 1715 1027 1782 hoe
1061 1719 1203 1800 tempore
1236 1738 1404 1783 uxorem

200 1819 315 1903 aliquis
344 1819 485 1904 ipsorum
513 1818 676 1897 habuerit,
717 1823 773 1884 aut
807 1819 938 1904 posthac
969 1819 1094 1885 duxerit
1135 1818 1284 1902 (liberum
1319 1823 1403 1886 enim

201 1925 261 1991 hoc
283 1947 349 1991 esse
371 1924 476 2009 debet)
507 1946 578 1988 eum
602 1928 637 1987 vt
660 1924 697 1988 ad
722 1923 986 1990 inhabitationem
1009 1923 1215 1990 Contubernii
1238 1927 1402 1992 astrictum

201 2054 353 2097 essenon
377 2034 511 2116 oportet,
536 2029 581 2093 ita
605 2029 820 2094 assiduitatem
844 2033 876 2094 et
901 2053 1007 2095 curam
1032 2031 1172 2095 muneris
1195 2032 1243 2096 sui
1266 2031 1403 2097 obeundi

200 2137 411 2224 praestandam
434 2134 495 2200 sibi
519 2156 584 2200 esse
607 2136 694 2216 sciat,
718 2141 774 2200 aut
796 2137 958 2221 priuatum
982 2159 1014 2204 sc
1036 2137 1092 2202 illo
1115 2137 1163 2201 iri.

770 2294 830 2359 III.

289 2417 461 2483 commoda
483 2439 607 2502 acquum
630 2417 728 2482 merit
750 2417 994 2495 communicari,
1027 2419 1054 2481 si
1079 2418 1201 2483 labores
1224 2439 1405 2483 communes

202 2525 286 2603 sint,
319 2524 453 2610 proinde
483 2524 566 2588 nihil
597 2527 708 2588 noceat
737 2523 793 2587 vlli
816 2521 1024 2587 contubernii
1047 2521 1314 2588 administrationi
1337 2523 1405 2587 cui-

202 2630 288 2715 piam
310 2629 501 2714 praeposito,
535 2630 561 2692 si
586 2629 619 2692 in
643 2627 876 2706 contubernio,
913 2628 995 2711 qnod
1019 2650 1147 2692 uxorem
1174 2627 1304 2705 habent,
1338 2649 1402 2692 non

198 2736 370 2802 arbitretur
401 2735 461 2799 sibi
493 2734 718 2812 habitandum,
748 2735 799 2798 sed
832 2734 996 2818 aequaliter
1029 2733 1175 2798 omnibus
1210 2733 1403 2810 diuiduntur,

199 2863 269 2925 quae
305 2841 393 2926 prius
425 2844 552 2904 tantum
586 2841 669 2904 iuter
703 2839 822 2904 incolas
857 2839 1056 2904 contubernii
1100 2839 1188 2904 fuere
1222 2839 1401 2904 distributa.

201 2945 322 3022 Quibus
352 2945 478 3028 quidem
508 2945 580 3010 addi
614 2945 770 3011 mercedes
806 2946 1005 3029 priuatorum
1043 2945 1188 3009 laborum
1228 2950 1261 3011 et
1288 2943 1402 3008 volou—

197 3051 286 3115 tarise
317 3050 351 3113 in
385 3049 523 3114 docendo
554 3069 656 3132 operae
685 3071 751 3113 non
784 3052 919 3132 oportet.
966 3047 1027 3113 Sed
1049 3048 1083 3112 hi
1107 3049 1229 3115 fructus
1252 3049 1403 3133 cuiusque

197 3155 246 3220 sui
269 3176 304 3220 ac
326 3154 446 3239 proprii
469 3159 572 3218 sunto,

765 3309 842 3378 llll.

285 3437 557 3502 Detrimenta
586 3433 791 3499 Contubernii
825 3455 970 3518 peraeque
999 3433 1165 3512 omnibus,
1203 3433 1305 3517 quoad
1334 3434 1402 3498 fieri

197 3546 302 3625 potest
317 3542 488 3608 auertenda
502 3545 587 3605 sunt.
618 3539 759 3622 Cumque
773 3536 884 3602 fraude
906 3535 985 3602 fam
997 3560 1017 3601 u
1028 3538 1039 3601 l
1050 3559 1164 3602 crum
1187 3540 1400 3604 communium

200 3647 385 3731 plerumque
407 3669 524 3732 magna
546 3646 662 3710 damna
684 3644 752 3710 dari
774 3643 996 3708 communitati
1020 3642 1160 3721 soleant,
1194 3643 1248 3708 det
1269 3644 1401 3728 quisque

201 3774 318 3831 eorum,
343 3752 458 3836 quibus
481 3751 715 3816 administratio
738 3747 944 3814 contubernii
967 3747 1157 3813 demandata
1179 3753 1237 3826 cst,
1261 3770 1399 3832 operam,

196 3862 232 3922 vt
262 3859 377 3943 probos
408 3861 439 3922 et
472 3861 641 3939 perspectae
671 3855 743 3918 fidei
770 3854 934 3919 ministros
958 3855 1172 3918 communitas
1196 3855 1320 3919 habeat.
1365 3855 1400 3918 Si

196 3961 271 4045 quid
295 3984 314 4025 a
336 3983 494 4045 quoquam
515 3959 718 4024 fraudulente
741 3959 808 4044 geri
832 3957 1105 4036 animaduerterit,
1134 3981 1174 4023 ne
1189 3959 1397 4024 dissimulato.

194 4063 329 4129 Nullum
352 4066 391 4129 ad
413 4065 564 4129 famulitii
586 4085 697 4149 operas
719 4063 887 4137 admittat,
915 4062 979 4125 uisi
1003 4063 1164 4128 addictum
1186 4064 1396 4142 iureiurando,

195 4171 282 4235 cuius
314 4170 451 4236 formula
480 4193 575 4256 supro
609 4171 752 4254 exposita
786 4172 842 4233 est.
895 4165 956 4242 Qui
989 4167 1117 4246 fecerit,
1163 4169 1287 4252 priuare
1326 4190 1398 4233 emn

195 4295 324 4338 munere
345 4297 402 4341 suo
425 4275 611 4361 praesidibus
642 4273 851 4340 contubernii
873 4272 922 4336 ius
943 4276 1019 4338 esto.

282 4553 404 4639 Neqnis
428 4555 604 4622 studiosum
620 4557 880 4624 contubernalem
895 4557 1013 4638 foucto,
1037 4578 1103 4624 non
1119 4559 1238 4645 patitor
1259 4561 1395 4647 amplius
