3442 5314
539 430 564 486 8.
583 429 717 486 Statuten
735 445 799 484 vom
816 430 842 484 9.
861 427 925 483 let.
945 429 1022 484 1477.
1338 435 1381 497 63

174 592 373 669 obseruatas,
396 593 501 674 preter
525 609 710 653 consensum
729 609 785 652 sue
800 587 963 652 facultatis
978 588 1115 670 aliquem
1139 611 1382 673 promouere

80 706 84 712 '
172 699 235 762 sub
257 719 341 782 pena
362 695 550 761 exclusionis
580 697 731 778 perpetue
762 692 803 758 ab
836 691 1042 756 uniuersitate
1072 699 1137 756 tam
1168 695 1383 778 promouentis

174 823 273 886 qnam
295 800 444 887 promoti.

264 905 345 971 Item
368 905 537 972 statuimus
559 903 643 988 qnod
665 904 791 968 nullum
822 902 999 968 membrum
1029 909 1137 968 nostre
1165 904 1381 969 uniuersitatis

174 1011 348 1095 gradum
372 1029 594 1094 quemcunque
617 1009 656 1073 ab
679 1008 787 1093 aliquo
809 1007 966 1093 Magistro
990 1029 1044 1071 seu
1069 1007 1222 1087 Doctum,
1245 1009 1308 1072 nisi
1330 1008 1379 1074 in-

173 1115 306 1181 titulato
327 1116 431 1180 iurato
455 1117 489 1179 et
510 1115 689 1196 assumpto,
712 1112 864 1197 suscipiat
888 1111 998 1196 Neque
1020 1111 1061 1176 ab
1083 1111 1146 1177 alio
1167 1111 1303 1177 Doctore
1325 1135 1380 1177 seu

174 1219 332 1306 Magistro
361 1219 547 1285 ababtibus
577 1237 729 1302 suspenso
753 1217 927 1282 scolasticis
957 1216 1091 1301 gradum
1122 1218 1255 1282 eundem
1277 1225 1381 1283 sumat

173 1322 239 1388 Sub
269 1325 374 1390 debito
404 1324 530 1409 prestiti
553 1323 725 1388 iuramenti
754 1325 786 1387 et
820 1322 1007 1386 exclusionis
1040 1327 1191 1406 perpetue
1226 1321 1380 1387 Similiter

176 1429 237 1492 sub
267 1429 384 1494 eisdem
414 1429 521 1495 debito
554 1431 587 1492 et
615 1449 697 1513 pena
726 1428 834 1493 nullus
864 1426 1039 1496 Doctorum
1066 1425 1117 1490 vel
1151 1425 1379 1514 Magistrorum

176 1532 305 1616 aliquod
328 1534 504 1599 membrum
528 1555 595 1598 non
617 1533 818 1598 intitulatum
840 1533 881 1598 ab
903 1533 1026 1598 actibus
1049 1531 1223 1596 scolasticis
1246 1554 1377 1618 suspen-

174 1638 317 1702 samuel
340 1638 502 1704 exclusum
534 1641 602 1723 ipso
633 1639 718 1704 facto
750 1637 911 1723 (quamuis
938 1659 1002 1702 non
1033 1637 1273 1724 denunciatum)
1302 1661 1378 1704 ausu

176 1743 305 1828 proprio
329 1748 499 1828 attemptet
522 1765 716 1828 promouere.

263 1845 345 1912 Item
367 1851 628 1932 superuenientes
650 1849 804 1915 Doctores
827 1853 858 1914 et
879 1848 1039 1935 Magistri,
1062 1848 1118 1932 qui
1139 1869 1172 1912 se
1193 1848 1324 1914 honeste
1345 1849 1378 1912 in

175 1951 249 2016 aliis
272 1951 534 2019 uniuersitatibus
563 1954 720 2032 rexerint,
751 1955 840 2018 iuxta
868 1957 993 2038 tempus
1024 1974 1078 2018 sue
1107 1954 1315 2038 promotionis
1344 1955 1377 2019 iu

175 2056 286 2122 ordine
307 2057 435 2122 sedendi
456 2063 488 2122 et
511 2058 675 2123 incedendi
698 2059 971 2144 recipiantur
993 2057 1043 2123 ad
1064 2058 1313 2130 facultatem
1336 2059 1379 2124 Et

177 2161 262 2226 inter
284 2160 436 2227 Doctores
459 2168 492 2228 et
515 2163 686 2248 Magistros
710 2168 830 2228 ceteros
852 2162 991 2228 eiusdem
1021 2185 1077 2228 sue
1098 2163 1258 2229 facultatis
1281 2165 1378 2230 collo-

177 2270 290 2330 centur
311 2267 482 2331 secundum
505 2267 674 2334 cuiuslibet
696 2267 858 2332 facultatis
883 2266 1110 2331 ordinationes.

263 2367 346 2434 Item
361 2371 468 2436 nullus
483 2369 603 2438 Ductor
618 2370 772 2456 Magister
793 2371 841 2436 vel
859 2370 1085 2436 Baeculaureus
1108 2372 1142 2434 in
1166 2370 1229 2437 alia
1250 2371 1377 2436 ruinar—
1423 2393 1430 2404 ·

174 2472 270 2536 sitate
291 2479 471 2557 promotus,
505 2477 675 2542 adueniens
697 2480 770 2562 post
791 2477 909 2542 festum
930 2476 1073 2561 Philippi
1105 2480 1137 2540 et
1159 2475 1269 2542 Jacobi
1292 2499 1377 2542 anno

176 2577 299 2642 domini
326 2579 495 2647 millesimo
520 2583 832 2668 quadringentesimo
856 2581 1087 2667 septuagesimo
1108 2585 1230 2658 octauo,
1254 2581 1293 2646 ad
1317 2583 1377 2647 ali-

178 2701 274 2765 quam
299 2683 482 2749 facultatem
506 2687 687 2772 recipiatur,
710 2688 773 2752 nisi
795 2688 883 2773 prius
904 2687 1029 2772 publice
1044 2686 1240 2771 responderit
1255 2690 1310 2751 aut
1332 2686 1378 2751 lc-

177 2787 275 2871 gerit‚
308 2792 471 2873 ceteraque
501 2793 540 2855 ad
564 2793 745 2858 huiusmodi
774 2793 986 2878 receptionem
1016 2791 1169 2875 requisitu
1190 2791 1300 2857 feeerit
1322 2790 1377 2856 Se-

179 2893 319 2956 cundum
349 2894 435 2958 illius
457 2895 619 2962 facultatis
641 2899 892 2978 ordinationem,
915 2899 954 2962 ad
977 2919 1072 2982 quum
1094 2895 1191 2979 recipi
1214 2896 1377 2960 desiderat.

265 2995 420 3072 Quoniam
442 3021 646 3084 sepenumero
678 3001 824 3066 birretati
852 3007 884 3066 ct
906 3000 1061 3066 licentiati
1083 2998 1121 3063 ad
1144 3003 1285 3063 nostram
1306 2999 1377 3064 vni·

178 3103 363 3168 narsitatem
388 3105 558 3185 declinant,
583 3129 646 3172 non
670 3111 705 3171 vt
726 3107 868 3192 regentia
890 3107 1087 3181 facultatum,
1110 3104 1145 3167 in
1167 3103 1281 3187 quibus
1305 3126 1377 3188 pro-

177 3207 257 3272 moti
281 3211 374 3289 sunt,
398 3209 582 3291 intendant,
611 3212 664 3276 ssd
688 3211 795 3296 potins
816 3216 851 3276 vt
873 3209 1014 3274 scientiis
1036 3208 1170 3272 aliarum
1191 3207 1379 3272 facultatum

177 3312 380 3392 imbuantur,
412 3315 563 3381 lectiones
585 3317 620 3380 in
643 3315 760 3382 eisdem
790 3315 972 3399 frequenter
994 3311 1147 3378 audiendo
1169 3309 1323 3376 Volumus
1345 3315 1378 3376 et

176 3416 388 3498 declaramus,
419 3423 501 3505 quod
531 3422 612 3486 tales
635 3421 669 3486 in
692 3425 782 3506 parte
804 3419 966 3486 facultatis
989 3418 1094 3496 illius,
1119 3417 1206 3480 cuins
1227 3415 1378 3480 lectiones

177 3522 322 3602 audiunt,
347 3524 409 3588 nisi
432 3525 470 3589 ad
493 3525 677 3592 facultatem
708 3548 763 3592 sue
785 3524 993 3611 promotionis
1014 3522 1132 3608 recepti
1154 3521 1236 3600 sint,
1270 3524 1378 3585 rotare

177 3626 314 3691 debeant
335 3631 369 3692 et
393 3632 570 3695 teneantur.

323 3868 378 3935 De
401 3873 576 3958 notario
599 3877 640 3938 et
661 3871 844 3957 pedellis
867 3869 1175 3937 uniuersitatis.

266 4045 430 4124 Volumus,
454 4050 489 4111 vt
505 4049 650 4113 notarius
666 4051 698 4111 et
720 4046 836 4131 pedelli
852 4045 1068 4112 uniuersitatis
1084 4045 1148 4109 suis
1164 4041 1276 4109 officiis
1299 4037 1376 4105 lide-

177 4147 254 4213 liter
276 4150 456 4232 intendant,
479 4151 600 4236 illaque
622 4156 804 4232 exerceant,
837 4155 934 4236 prout
955 4154 988 4216 et
1011 4147 1274 4234 quemadmodum
1296 4141 1379 4210 infra

177 4254 334 4340 reperitur
356 4255 579 4340 conscriptum.

267 4359 349 4425 Item
371 4363 566 4427 notarius
588 4363 805 4428 uniuersitatis
828 4364 948 4447 prestet
975 4361 1189 4424 iuramentum
1211 4351 1379 4422 intitulan-

177 4467 294 4532 dorum
319 4465 361 4530 Et
384 4466 466 4549 quod
490 4467 661 4553 diligenter
682 4472 715 4534 et
736 4467 872 4533 fideliter
893 4467 933 4532 ad
953 4464 1152 4532 commodum
1174 4465 1209 4528 et
1228 4457 1380 4527 honorem
