3504 5322
344 486 408 550 364
807 469 938 540 Facultas
957 483 1076 538 Artium.

344 716 401 780 De
423 717 672 782 duramento
695 717 736 780 in
759 721 853 781 actu
876 717 1224 782 determinature
1246 742 1266 782 a
1289 719 1548 804 magistran-

532 823 592 886 dis
616 823 683 886 vel
706 820 1099 888 Baccalaureandis
1122 825 1367 907 prestando.

433 969 484 1028 67.
509 963 628 1030 Statuit
647 963 791 1040 facultas,
816 963 899 1047 quod
917 964 1160 1048 promouendus,
1183 985 1254 1027 oum
1271 964 1336 1027 iarn
1352 965 1548 1047 questionem

344 1092 432 1134 suam
455 1091 512 1154 pro
535 1071 651 1154 gradus
684 1069 853 1154 adepcione
876 1068 1154 1147 determiuauerit,
1187 1072 1357 1152 antequam
1380 1070 1408 1132 ei
1431 1070 1549 1156 gradus

430 1281 512 1346 Item
536 1282 564 1345 si
587 1283 620 1345 in
637 1281 910 1347 baccalauroorum
928 1281 1063 1364 prandio
1078 1282 1266 1347 remanserit
1282 1281 1389 1367 aliqua
1404 1283 1546 1366 pecunia,

346 1389 383 1452 de
406 1411 451 1465 ea,
475 1409 571 1471 quam
603 1387 697 1468 ijdem
727 1411 784 1471 pro
807 1387 962 1472 prandio,
993 1391 1028 1451 vt
1058 1409 1153 1472 supra
1182 1389 1216 1451 in
1238 1409 1347 1452 eorum
1369 1388 1547 1453 iuramento

345 1493 536 1570 continetur,
560 1493 739 1578 persoluere
761 1496 928 1570 tenentur,
959 1493 1033 1558 talis
1055 1493 1188 1578 pecunia
1211 1495 1295 1558 inter
1317 1498 1486 1580 magistros
1510 1496 1548 1560 de

347 1597 509 1663 facultatis
532 1599 663 1664 oonsilio
687 1598 856 1663 diuidatur.

432 1702 512 1768 Item
536 1701 761 1788 p'randium
791 1704 1041 1770 aristotelis
1072 1705 1228 1788 pendente
1251 1705 1378 1791 publico
1402 1705 1546 1770 examine

345 1808 497 1874 celebrari
520 1807 621 1873 debet.
1107 1898 1110 1904 Ι

432 1913 483 1977 Ad
499 1914 668 1998 prandium
684 1913 855 1978 aristotelis
869 1914 1025 1980 innitetur
1040 1914 1186 1980 dominus
1202 1919 1315 1995 rector,
1332 1917 1547 1996 cancellarius,

346 2039 418 2083 cum
441 2017 578 2103 ‘singulis
601 2022 668 2084 tam
700 2019 737 2083 de
766 2019 984 2084 uniuersitatis
1013 2042 1108 2104 quam
1143 2019 1304 2086 facultatis
1327 2023 1458 2088 oonsilio
1480 2023 1546 2088 exi-

348 2123 515 2186 stentibus.

433 2226 515 2292 Item
539 2227 578 2291 de
599 2227 670 2312 alijs
693 2227 844 2311 personis,
869 2229 934 2293 siue
957 2229 1023 2294 sint
1038 2229 1189 2308 doctores,
1213 2230 1370 2297 licentiati
1392 2236 1447 2296 aut
1469 2233 1548 2298 alias

346 2329 556 2409 honorabiles,
581 2332 636 2416 qui
659 2355 721 2396 non
746 2336 820 2397 sunt
844 2333 882 2396 de
904 2335 1035 2399 oonsilio
1058 2335 1274 2401 uniuersitatis
1297 2337 1347 2401 vel
1369 2335 1541 2416 facultatis,

345 2435 536 2519 relinquitur
559 2436 692 2502 arbitrio
715 2436 875 2502 facultatis
898 2439 987 2503 iuxta
1010 2461 1178 2504 numerum
1200 2441 1500 2526 magistrandorum.

432 2539 514 2607 Item
531 2543 693 2607 adrerum
716 2545 1102 2628 magistrandorum
1125 2547 1343 2630 prandium
1368 2547 1548 2615 inuitentur

344 2668 454 2712 omnes
476 2646 624 2712 birretati
647 2647 685 2712 de
707 2649 827 2734 gremio
850 2650 1076 2728 uniuersitatis,
1103 2649 1145 2714 Et
1167 2651 1216 2716 illi
1239 2673 1364 2737 quoque
1386 2653 1441 2736 qui
1463 2653 1547 2718 inter

345 2751 516 2816 birretatos
539 2752 634 2816 locati
657 2756 741 2830 sunt,
764 2758 799 2818 vt
821 2755 964 2820 canonici
989 2756 1189 2821 ecclesiarum
1212 2755 1450 2834 cathedralium,
1474 2779 1545 2842 pre-

348 2857 445 2939 positi
468 2856 669 2923 ecolesiarum
691 2859 930 2944 collegiatarum
952 2864 984 2926 et
1006 2860 1162 2925 similiter.

430 2957 512 3025 Item
535 2961 597 3026 duo
620 2961 753 3046 prefecti
775 2963 854 3040 loci,
879 2964 941 3028 duo
963 2965 1100 3030 seniores
1122 2965 1160 3029 de
1182 2965 1349 3031 consulatu
1373 2989 1445 3032 eum
1467 2967 1545 3032 ciui-

343 3065 420 3129 tatis
442 3065 554 3131 scriba.
601 3066 661 3133 Per
684 3069 820 3133 seniores
844 3073 951 3134 autem
974 3091 1026 3134 eos
1049 3069 1277 3156 intelligimus,
1310 3073 1365 3156 qui
1388 3073 1544 3139 uniuersi-

344 3169 406 3235 tati
430 3170 529 3236 iurati
551 3175 635 3236 sunt.
682 3166 685 3174 ’

430 3275 512 3341 ltem
536 3277 681 3342 cellarius
704 3277 800 3343 ducis.

429 3381 478 3446 De
501 3382 571 3466 alijs
595 3403 668 3446 vero
692 3382 834 3466 personis
857 3382 993 3468 agregijs
1016 3386 1048 3447 et
1070 3384 1321 3464 venerabilibus,
1355 3385 1393 3450 do
1428 3387 1543 3471 quibus

343 3508 440 3573 supra
468 3507 533 3549 non
565 3485 602 3550 fit
639 3507 787 3569 expressa
817 3486 953 3563 mentio,
986 3487 1178 3574 relinquitur
1207 3491 1370 3556 facultatis
1402 3491 1544 3568 arbitrio,

343 3595 439 3674 prout
474 3589 541 3654 volt
584 3611 733 3673 personas
768 3589 946 3656 huiusmodi
988 3595 1020 3656 et
1049 3597 1155 3658 actum
1185 3595 1457 3660 determinationis
1487 3595 1545 3660 ho-

346 3695 463 3760 norari.
913 3706 916 3712 '

430 3797 512 3862 Item
535 3820 643 3862 omnes
676 3819 809 3883 persone
838 3799 876 3863 de
907 3801 1042 3866 consilio
1065 3802 1226 3869 facultatis
1249 3808 1399 3870 tenentur
1421 3827 1488 3870 osse
1511 3805 1545 3869 in

343 3905 415 3967 actu
439 3903 648 3986 promotionis
671 3902 955 3984 baccalaureorum,
980 3911 1012 3971 et
1034 3910 1106 3972 actu
1123 3907 1214 3973 finito
1237 3909 1390 3975 decanum
1413 3911 1453 3974 ad
1474 3909 1546 3974 edes

343 4005 480 4093 hospitis
503 4008 648 4073 comitari
671 4008 730 4074 sub
752 4031 834 4093 pena
857 4009 1047 4094 priuationis
1071 4012 1208 4096 praudij.

429 4111 469 4176 In
492 4117 563 4177 actu
586 4135 659 4178 vero
687 4114 896 4197 promotionis
930 4115 1156 4200 magistrorum
1188 4117 1271 4182 idem
1295 4117 1432 4204 intelligi
1455 4119 1545 4184 volu-

343 4239 413 4280 mus
435 4217 474 4281 de
496 4216 642 4281 omnibus
665 4219 844 4303 magistriS,
869 4219 966 4283 etiam
988 4221 1079 4283 extra
1101 4219 1263 4286 facultatis
1287 4222 1455 4286 consilium
1477 4223 1544 4286 exi-

343 4321 510 4400 stentibus,
534 4321 572 4385 ad
594 4322 681 4386 cuius
705 4343 784 4406 pene
806 4324 1001 4389 exactionem
1017 4324 1152 4389 decanus
1167 4324 1211 4390 sit
1233 4325 1381 4390 astrictus
1396 4331 1428 4390 et
1450 4349 1546 4412 super

344 4448 380 4491 eo
403 4425 542 4510 pedellus
566 4426 736 4513 diligenter
758 4427 915 4512 vigilabit.
