3460 5314
325 426 387 490 312
784 418 914 474 Facultas
933 417 1047 474 Medica.

325 583 392 646 fieri
416 585 520 666 potest
543 579 710 660 Arabibns,
734 601 769 646 ac
792 578 862 644 aliis
884 579 1001 664 ineptis
1024 601 1060 645 ac
1081 580 1226 646 barbaris
1250 580 1412 646 autoribus
1436 603 1519 645 unus

324 688 466 772 deinceps
490 687 777 772 Hippocrates
799 690 832 749 et
855 683 1063 765 Galenus,
1087 687 1143 770 qui
1165 690 1266 751 artem
1287 685 1370 751 hanc
1390 686 1518 751 absolu·

323 793 444 857 tissime
461 791 668 870 tradiderunt,
684 791 809 876 publico
824 789 996 854 medicinae
1012 791 1148 857 initiatis
1163 794 1427 858 ennarrabuntur.
1467 791 1516 856 Ex

325 897 565 983 quamplurimis
595 917 668 962 vero
691 893 973 980 Hippocratis
1004 896 1130 981 scriptis
1159 897 1360 982 potissimum
1381 897 1456 963 libri
1479 898 1519 962 de

325 1007 439 1068 natura
459 1002 607 1080 humana,
631 999 904 1086 Aphorismorum,
926 1002 1179 1088 praesagiorum,
1203 1003 1250 1068 De
1273 1003 1395 1068 ratione
1417 1002 1520 1068 victus

325 1110 358 1172 iu
382 1107 499 1173 morbis
522 1109 621 1173 acutis
643 1107 818 1189 Sextusque
833 1105 1037 1191 Elpidemioon
1061 1107 1310 1192 explicabuntur.
1356 1106 1443 1172 Inter
1468 1109 1520 1172 in-

326 1235 457 1279 numera
479 1217 583 1278 autem
606 1211 759 1277 Galeni
783 1234 877 1297 opera
900 1211 977 1278 haec
999 1235 1073 1299 prae
1096 1213 1167 1278 aliis
1190 1213 1435 1279 enarrabuntur:
1472 1212 1521 1278 De

324 1318 594 1403 temperamentis,
618 1316 665 1382 De
688 1316 878 1402 simplicium
902 1319 1202 1384 medicamentorum
1224 1319 1446 1399 facultatibus,
1469 1319 1517 1386 De

326 1424 485 1509 inaequali
508 1420 709 1504 intemperie,
741 1420 789 1486 De
811 1423 1010 1487 naturalibus
1032 1423 1256 1503 facultatibus,
1290 1423 1338 1491 De
1366 1447 1426 1490 usu
1447 1447 1521 1509 par·

326 1531 406 1596 tium
439 1527 577 1614 corporis
606 1525 756 1606 humani,
786 1524 834 1590 De
864 1528 983 1593 affectis
1015 1528 1108 1608 locis,
1143 1527 1190 1594 De
1218 1530 1400 1595 morborum
1431 1529 1522 1595 difle-

325 1635 458 1713 rentiis,
500 1633 548 1697 De
589 1632 770 1698 morborum
804 1633 920 1711 causis,
956 1632 1003 1698 De
1037 1638 1286 1725 symptqmatum
1319 1634 1437 1714 causis,
1474 1633 1524 1699 De

329 1741 450 1806 ratione
474 1737 604 1804 curandi
626 1759 682 1823 per
706 1738 869 1824 sanguinis
885 1738 1075 1819 missionem,
1099 1739 1244 1805 Medendi
1260 1740 1435 1820 methodus,
1458 1740 1522 1804 Ea·

329 1847 398 1911 dem
422 1844 461 1910 ad
478 1842 678 1922 Glauconem,
701 1840 749 1907 De
771 1842 956 1907 differentiis
978 1843 1124 1924 febrium,
1147 1842 1195 1908 De
1218 1843 1361 1924 crisibus,
1384 1843 1432 1909 De
1454 1843 1520 1908 die-

327 1952 386 2016 bus
408 1949 612 2028 indicatoriis,
636 1948 698 2012 Ars
720 1947 849 2011 medica.
894 1947 984 2011 Inter
1014 1949 1232 2032 explicandum
1261 1949 1378 2033 passim
1401 1945 1522 2013 Graeca

262 2113 264 2118 .
329 2057 437 2122 latinis
460 2055 669 2122 conferantur.
716 2052 880 2118 Caeterum
910 2075 981 2118 cum
1003 2054 1193 2137 simplicium
1222 2054 1524 2119 medicamentorum

330 2161 450 2248 effigies
481 2183 516 2225 ac
547 2160 663 2224 formas
693 2179 785 2222 nemo
809 2156 1017 2236 Graecorum,
1046 2159 1133 2222 cuius
1165 2158 1257 2224 hodie
1286 2162 1393 2224 extent
1416 2181 1523 2243 opera,

330 2271 418 2333 extra
441 2289 539 2333 unum
561 2263 854 2330 Dioscoridem
877 2263 1086 2349 descripserit,
1110 2265 1233 2330 curabit
1254 2264 1334 2328 fidus
1356 2264 1523 2348 interpres,

327 2378 364 2438 vt
386 2373 413 2438 si
436 2394 498 2456 qua
521 2373 558 2436 de
580 2371 619 2436 iis
642 2372 726 2436 inter
748 2368 992 2455 praelegendum
1016 2371 1135 2435 mentio
1166 2370 1301 2449 incidat,
1334 2369 1462 2434 illorum
1485 2391 1537 2434 ex·

327 2477 507 2544 Dioscorida
529 2476 677 2541 historias
699 2476 810 2540 afferat
831 2481 864 2539 et
885 2497 943 2558 pro
967 2476 1055 2541 uirili
1078 2477 1235 2560 explanet.
1365 2562 1367 2566 .

414 2581 553 2648 Aestatis
577 2583 710 2666 denique
732 2583 874 2666 tempore
891 2602 960 2646 cum
977 2582 1149 2647 medicinae
1171 2581 1318 2646 studiosis
1333 2604 1408 2646 rura
1429 2603 1523 2646 mon·

329 2695 438 2774 tesqua
459 2687 582 2772 saepius
605 2689 693 2771 petat
714 2707 750 2750 ac
774 2686 1017 2770 plantarum
1040 2688 1166 2752 uultum
1188 2687 1356 2772 diligenter
1377 2687 1526 2752 obseruet

329 2794 454 2879 illisque
477 2793 565 2858 uiuus
588 2792 756 2858 eorundem
779 2791 933 2876 imagines
956 2791 1166 2870 demonstret,
1189 2813 1291 2876 neque
1313 2795 1349 2856 ut
1370 2790 1525 2857 hactenus

330 2920 517 2966 consueuere
539 2898 642 2976 multi,
665 2895 857 2981 simplicium
881 2896 1029 2960 notitiam
1045 2896 1234 2982 seplasian‘is
1256 2897 1320 2961 illis
1342 2895 1525 2960 hominibus

331 3003 459 3068 rudibus
491 3006 522 3067 et
553 3001 659 3066 stultis
690 3000 883 3066 mulierculis
918 3001 1104 3065 committat.
1148 3000 1235 3067 Haec
1266 3001 1372 3085 itaque
1394 3001 1524 3066 docendi

329 3107 409 3172 ratio
432 3107 563 3190 posthac
594 3106 627 3171 in
650 3105 764 3170 scholis
796 3104 923 3169 medicis
946 3105 1136 3171 obseruator.
1191 3105 1312 3172 Licebit
1339 3111 1462 3183 tamen,
1497 3106 1526 3170 si

330 3211 376 3276 ita
404 3211 507 3275 uisum
536 3209 729 3276 auditoribus
757 3209 905 3274 omnibus
928 3209 1043 3288 fuerit,
1080 3231 1116 3274 ex
1139 3209 1298 3276 Arabibus
1321 3211 1465 3276 Razem
1489 3213 1525 3275 in

330 3337 414 3380 nono
436 3315 475 3379 ad
497 3314 724 3394 Almansorem,
748 3319 780 3380 et
802 3319 947 3399 quartam
971 3316 1066 3401 primi
1089 3320 1145 3380 aut
1167 3317 1303 3402 primam
1326 3319 1432 3402 quarti
1443 3317 1524 3382 Aui-

331 3443 446 3487 cannae
468 3422 585 3506 passim
607 3422 747 3487 adhibito
769 3422 884 3489 iudicio
907 3422 1120 3506 interpretari.

574 3645 631 3712 De
653 3647 1037 3732 disputationibus
1059 3648 1279 3717 habendis.

822 3790 949 3856 Titulus
972 3791 1032 3857 ΙΠ.

418 3946 568 4014 Doctores
590 3949 748 4017 ordinario
770 3950 900 4017 docendi
931 3974 1061 4017 munere
1089 3951 1258 4038 fungentes
1281 3955 1434 4037 quater
1456 3953 1525 4019 sin-

331 4053 415 4139 gulis
430 4054 522 4118 annis
545 4055 840 4143 disputationi
863 4057 1063 4140 publicae
1085 4062 1264 4141 praesunto.
1304 4057 1527 4142 Proponentur

332 4161 401 4223 tum
423 4157 577 4245 descripta
600 4162 633 4227 in
656 4163 765 4228 charta
787 4185 805 4227 a
826 4161 961 4227 Doctore
984 4163 1109 4228 futurae
1133 4163 1357 4248 disputationis
1381 4164 1525 4250 praeside

333 4267 406 4330 ante
428 4265 567 4351 quinque
596 4268 661 4333 dies
683 4267 824 4334 themata
847 4267 886 4331 iis
908 4267 946 4331 de
973 4267 1082 4344 rebus,
1114 4290 1248 4352 quarum
1275 4272 1419 4336 antemio
1441 4275 1523 4337 tem·

333 4393 408 4460 pore
430 4371 463 4436 in
486 4373 601 4438 scholis
623 4373 750 4438 medicis
771 4373 919 4457 frequens
935 4373 1020 4437 iacta
1033 4373 1152 4437 mentio
1168 4378 1232 4451 est3
1256 4374 1316 4439 hoc
1332 4375 1416 4440 enim
1433 4360 1525 4459 pacto

333 4476 504 4546 medicinae
526 4479 660 4545 initiatis
675 4501 710 4544 ea
726 4499 805 4562 quae
820 4479 902 4545 inter
918 4477 1163 4566 praelegendum
1178 4479 1325 4546 audiuere
1345 4481 1378 4545 in
1401 4500 1522 4544 memo-
