3504 5322
313 477 377 541 414
854 477 956 534 Bursa.

311 633 435 719 exigere
464 638 495 698 et
525 635 673 720 colligere
703 641 807 700 esseut
839 637 958 720 parati,
994 637 1125 702 collecta
1156 657 1280 722 quoque
1311 639 1512 704 miucrsitati

311 737 359 801 vel
390 737 456 801 eius
483 740 679 821 procuratori
708 744 907 825 presentent,
942 740 979 804 de
1006 741 1121 824 quibus
1149 743 1350 808 uniuersitati
1374 743 1513 808 rationes

310 841 439 906 faciant.
484 842 628 926 Denique
650 866 836 909 cameras
861 846 949 909 iuxta
972 847 1140 912 scolarium
1164 849 1350 931 qualitatem
1374 853 1405 912 et
1428 847 1511 910 mul-

310 946 479 1012 titudinem
509 952 604 1032 atque
634 949 774 1034 ipsarum
803 972 998 1016 camerarum
1031 952 1237 1036 capacitatem
1278 973 1335 1034 pro
1373 953 1514 1017 utilitate

311 1052 524 1118 uniuersitatis
547 1053 684 1118 fideliter
706 1054 914 1133 distribuant,
948 1057 984 1133 in
1007 1056 1187 1122 huiusmodi
1209 1077 1338 1121 suorum
1366 1057 1511 1122 laborum

312 1158 599 1223 remunerationem
625 1158 662 1222 de
684 1157 827 1242 quolibet
848 1161 967 1225 floreno
990 1183 1044 1225 sex
1068 1159 1099 1229 ab
1124 1161 1269 1226 levaturi.

398 1263 481 1328 Item
504 1263 750 1328 conuentoribus
772 1264 879 1330 omniu
901 1265 1180 1332 kathedralia
1201 1289 1256 1330 sne
1282 1266 1346 1344 vie,
1371 1287 1513 1330 mensam

311 1369 470 1434 bursalem
501 1369 570 1432 sine
599 1369 691 1446 vino,
722 1391 920 1453 armaque
951 1371 984 1434 in
1015 1372 1146 1436 cameris
1174 1376 1299 1455 reperta
1324 1392 1395 1435 cum
1418 1371 1515 1434 tertia

311 1478 401 1557 parte
423 1473 566 1538 omnium
589 1471 723 1537 aliarum
746 1493 908 1555 penarum,
932 1475 1008 1560 lupo
1031 1481 1063 1540 et
1087 1477 1177 1560 penis
1199 1481 1328 1560 propter
1349 1477 1427 1540 viles
1443 1498 1513 1539 mu-

311 1579 403 1644 lieres
432 1581 574 1663 repertas
605 1576 758 1653 exclusis,
789 1577 931 1662 lupum
960 1584 1065 1644 totum
1091 1603 1163 1645 cum
1185 1581 1306 1646 duabus
1328 1581 1432 1645 tertiis
1455 1580 1514 1645 ali·

312 1707 403 1748 arum
425 1705 578 1766 penarum
601 1682 823 1747 communitati
849 1684 957 1750 cedere
981 1687 1134 1750 volumus.
1176 1677 1178 1686 ’

398 1789 480 1852 Item
511 1786 698 1865 statuimus,
722 1790 758 1852 ut
791 1789 925 1872 quilibet
955 1796 1128 1856 conuentor
1160 1791 1276 1855 habeat
1306 1812 1414 1856 curam
1441 1789 1514 1854 dili·

312 1898 439 1979 gentem
472 1914 565 1977 super
597 1892 724 1956 armis
767 1896 888 1958 statuto
932 1895 1147 1960 vniuersitatis
1181 1895 1352 1980 prohibitis
1385 1917 1514 1960 suorum

311 1998 495 2063 bursalium.
543 1995 624 2061 Item
657 1999 740 2080 quod
771 1998 797 2061 si
827 2021 915 2063 arma
937 2000 1020 2084 apud
1047 2000 1187 2084 aliquem
1209 2002 1365 2084 reperiat,
1398 2001 1455 2065 illa
1476 2001 1516 2065 ab

312 2104 419 2168 eodem
451 2103 558 2186 exigat
587 2123 626 2166 ac
654 2103 798 2168 retineat.
844 2102 878 2168 Si
909 2107 1015 2169 autem
1049 2105 1184 2170 bursalis
1211 2108 1284 2171 dare
1312 2105 1513 2184 recusauerit,

311 2209 409 2273 talem
442 2206 569 2271 R-ectori
602 2207 819 2272 uniuersitatis
854 2209 1035 2288 denuntiet,
1071 2210 1129 2275 sub
1158 2231 1239 2294 pene
1271 2215 1383 2294 quarte
1412 2211 1514 2296 partis

311 2312 422 2378 floreni
445 2311 564 2376 tociens
588 2312 737 2394 quociens
762 2313 911 2378 omiserit.

400 2415 594 2494 statuimus,
625 2421 662 2481 ut
684 2418 831 2504 magistri
854 2423 1063 2484 conuentures
1087 2442 1144 2484 sua
1166 2421 1380 2485 exercicia
1403 2420 1517 2504 incipi·

315 2528 371 2588 ant
400 2527 432 2587 et
463 2521 578 2586 finiant
608 2521 698 2587 iuxta
720 2523 877 2606 quoddam
900 2529 1057 2590 statutum
1080 2526 1206 2590 bursale
1229 2527 1360 2609 desuper
1383 2547 1515 2608 concep

315 2632 394 2706 turn,
418 2627 477 2690 sub
493 2649 575 2709 penu
597 2626 631 2691 in
653 2649 690 2691 eo
705 2631 865 2707 contenta,
888 2650 983 2713 super
1006 2651 1067 2714 quo
1091 2630 1279 2695 denunciare
1301 2653 1333 2695 se
1356 2633 1515 2708 tenentur,

312 2733 386 2796 dum
414 2733 787 2815 asnperintemlentibus
810 2734 847 2798 de
870 2733 929 2798 hoc
951 2735 1142 2820 interrogati
1165 2735 1294 2800 fuerint.
1406 2785 1410 2796 .

403 2834 485 2900 Item
498 2835 614 2900 Nullus
631 2843 804 2903 conuentor
830 2861 870 2903 se
893 2841 1091 2904 absentet
1113 2841 1164 2905 vel
1187 2841 1278 2906 abeat
1301 2841 1369 2905 sine
1384 2840 1517 2905 licencia

316 2941 364 3004 sni
389 2941 680 3024 superintendentis
706 2944 744 3006 ad
773 2945 831 3008 hoc
847 2967 905 3027 pro
921 2950 998 3008 tunc
1013 2945 1160 3022 ordinati,
1185 2969 1248 3030 quu
1264 2947 1395 3010 obtenta
1417 2945 1515 3010 alium

316 3047 349 3110 in
375 3046 479 3110 locum
503 3045 569 3110 eius
593 3046 767 3111 substituat
791 3053 1021 3113 conuenturam.
1058 3048 1144 3123 Quod
1170 3051 1196 3114 si
1218 3050 1380 3116 commode
1403 3050 1517 3114 babere

314 3173 377 3216 non
401 3151 535 3235 poterit,
570 3151 668 3214 alium
698 3153 888 3238 magistrum
918 3154 956 3216 ad
985 3155 1045 3218 hoc
1076 3155 1234 3239 ydoneum
1266 3177 1337 3220 oum
1362 3176 1517 3220 consensu

313 3257 430 3343 prefati
453 3255 742 3339 superintendentis
764 3277 818 3320 sue
841 3257 891 3320 vie
913 3257 1106 3322 subordinet.
1152 3259 1289 3344 Insuper
1309 3282 1374 3324 non
1390 3259 1518 3324 'rediens

312 3363 448 3428 termino
479 3363 541 3427 sibi
570 3366 690 3426 statuto
723 3363 772 3426 vel
805 3363 873 3427 sine
896 3364 962 3427 eius
986 3364 1119 3429 licencia
1140 3365 1250 3430 abiens
1274 3367 1316 3430 sit
1341 3367 1410 3450 ipso
1432 3365 1517 3430 facto

313 3468 417 3534 officio
447 3469 598 3552 privatus.
648 3465 782 3532 Interim
804 3469 886 3533 alius
908 3469 1049 3553 ydoneus
1072 3471 1111 3535 ab
1135 3471 1201 3536 illis
1224 3491 1360 3555 quorum
1383 3471 1516 3535 interest

314 3574 347 3638 in
371 3574 475 3638 locum
497 3573 563 3636 eius
585 3577 769 3658 surrogetur
786 3574 803 3638 ¹.

320 3697 414 3710 —.....-..
431 3707 443 3712 ..
464 3707 475 3714 ..
491 3707 502 3713 .-

386 3766 398 3818 1
418 3763 507 3817 Daft'rr
525 3765 636 3832 spater:
656 3762 757 3818 ltector
775 3762 860 3817 Burse
879 3767 929 3819 aut
948 3767 1099 3820 conuentor
1118 3765 1215 3820 volens
1236 3781 1297 3818 cum
1316 3764 1413 3820 fauore
1425 3779 1519 3833 super·

317 3850 489 3906 intendentis
508 3849 622 3914 abire,
643 3849 730 3903 etiam
748 3849 842 3906 animo
861 3852 994 3907 redeundi
1007 3853 1103 3907 eodem
1121 3852 1173 3916 die,
1193 3853 1237 3905 vel
1256 3869 1306 3921 per
1324 3852 1412 3906 alium
1430 3851 1521 3905 dicere

315 3939 416 3994 habita
435 3955 519 3992 causa
538 3935 710 3999 rationabili,
731 3935 813 3992 debet
832 3955 894 4008 per
913 3957 946 3994 se
966 3939 1080 4009 ipsum
1099 3941 1224 3996 fauorem
1238 3959 1255 3994 a
1273 3937 1520 4009 superintendente

314 4027 419 4081 habere
438 4027 504 4080 ante
523 4041 602 4077 snam
615 4023 768 4078 abitionem
782 4025 826 4079 vel
841 4027 1077 4082 substitutionem.
1104 4028 1132 4082 Si
1152 4045 1216 4085 vero
1238 4047 1294 4084 uon
1313 4029 1406 4098 potest
1422 4043 1473 4095 per
1490 4041 1519 4078 se

312 4116 405 4184 ipsum
417 4113 495 4168 adire
507 4111 790 4181 superintendentem,
803 4113 921 4183 recipiat
929 4131 979 4184 per
988 4115 1076 4168 alium
1089 4116 1256 4185 magistrum
1266 4117 1462 4171 concentorem
1475 4112 1519 4166 vel

313 4201 461 4257 officialem
480 4199 677 4255 accubitionis
696 4199 841 4254 licenciam
859 4201 904 4256 vel
923 4201 1145 4268 substitutionis,
1171 4221 1255 4260 causa
1273 4203 1355 4273 plene
1371 4201 1521 4256 instmcta.

314 4291 430 4362 Insuper
449 4291 532 4345 debet
550 4309 630 4344 sirum
650 4288 841 4356 vicarium,
861 4291 884 4344 si
902 4293 944 4346 est
957 4290 1085 4346 officialis
1097 4292 1185 4356 bursa,
1205 4289 1241 4346 ad
1255 4290 1346 4344 urinas
1359 4306 1408 4358 per
1421 4289 1521 4344 horam

315 4383 365 4432 ant
386 4378 456 4432 duas
474 4377 496 4432 si
523 4395 578 4434 non
596 4376 737 4442 officialis,
763 4377 840 4447 prius
857 4379 1003 4434 certiorem
1029 4379 1144 4434 reddere
1163 4384 1212 4435 aut
1230 4381 1320 4434 facere
1338 4379 1372 4432 de
1391 4377 1520 4440 materia,

314 4483 399 4533 quam
418 4484 468 4534 pro
486 4483 518 4522 eo
537 4465 654 4521 docebit.

385 4551 604 4606 Contraueniens
618 4551 662 4605 illi
675 4554 785 4609 statuto
799 4555 829 4608 in
842 4557 902 4610 toto
916 4555 960 4610 vel
974 4554 1004 4610 in
1016 4557 1098 4625 parte
1110 4555 1194 4610 debet
1205 4559 1234 4610 et
1252 4558 1365 4610 tenetur
1383 4571 1411 4609 se
1429 4555 1521 4625 ipsum
