3460 5314
373 493 437 558 324
837 487 968 544 Facultas
985 488 1105 543 Artium.

371 673 442 715 rum
465 649 560 713 solita
581 648 675 712 annis
698 647 835 734 singulis
858 647 908 711 die
923 647 1071 732 Mercurij
1095 647 1251 734 augariali
1278 647 1312 711 in
1336 644 1580 731 quadragesima

375 757 554 838 peragatur.
602 752 662 816 His
693 753 800 837 itaque
828 753 933 818 missis
956 755 1196 838 prememoratis
1218 751 1389 837 Magistros
1412 771 1522 815 omncs
1546 750 1580 812 et

372 858 514 934 nobiles,
538 857 764 923 Baccalaureos
789 879 914 942 quoque
938 861 969 922 et
991 857 1131 924 Scolares
1155 859 1255 943 ipsius
1279 857 1442 923 facultatis
1464 854 1579 921 habitu

371 963 495 1028 decenti
518 961 686 1046 debitaque
710 963 892 1027 reuerencia
913 986 932 1027 a
953 964 1110 1047 principio
1133 987 1230 1048 vsque
1254 965 1287 1029 in
1307 965 1404 1028 finem
1427 962 1580 1026 iuteresse

371 1074 404 1133 et
426 1068 532 1133 debito
555 1072 680 1132 seruato
704 1068 815 1133 ordine
838 1068 950 1133 offerre
974 1069 1074 1133 voluit
1096 1069 1154 1133 sub
1177 1091 1259 1154 pena
1291 1072 1427 1153 quatuor
1459 1065 1578 1131 solido-

371 1197 442 1238 rum
467 1173 497 1236 11
546 1171 614 1247 Quo
638 1173 721 1238 eirca
744 1173 858 1238 statuit
881 1173 1029 1238 similiter
1051 1173 1097 1238 Vt
1121 1173 1255 1238 decanus
1280 1173 1379 1257 ipsius
1403 1170 1578 1236 Facultatis

371 1281 496 1344 eosdem
518 1299 626 1342 omnes
648 1281 679 1342 et
710 1278 852 1362 singulos
874 1300 931 1363 per
960 1278 1119 1362 publicam
1151 1275 1467 1342 intimationem
1500 1296 1578 1340 con-

371 1387 463 1447 uocet
494 1383 559 1446 suis
590 1382 764 1467 suppositis
786 1383 982 1462 mandando,
1011 1381 1163 1448 Doctores
1186 1403 1260 1448 vero
1283 1387 1315 1447 et
1338 1383 1401 1448 alia
1420 1381 1577 1445 1111119191-

377 1487 453 1551 tatis
476 1487 656 1571 supposita,
689 1492 844 1570 quatenus
867 1488 973 1552 missis
995 1488 1175 1554 huiusmodi
1197 1489 1348 1552 interesse
1371 1487 1486 1564 velint,
1521 1507 1576 1548 ex·

370 1591 546 1670 hortando,
590 1597 685 1676 prout
720 1595 822 1676 ipsam
856 1593 1032 1658 artisticam
1064 1593 1249 1659 facultatem
1284 1593 1386 1676 magis
1420 1593 1577 1657 honorare
1614 1659 1617 1666 ,

372 1696 512 1779 cupiant.

455 1799 625 1865 Prouideat
654 1824 779 1885 quoque
809 1803 988 1868 decanus
1026 1825 1084 1887 pro
1122 1806 1264 1886 tempore
1296 1803 1334 1866 de
1364 1802 1499 1888 singulis
1535 1802 1575 1867 ad

371 1907 476 1970 officia
498 1905 678 1970 huiusmodi
702 1906 885 1970 necessariis
909 1911 941 1970 et
962 1907 1151 1990 opportunis
1173 1907 1320 1972 videlicet
1342 1907 1380 1970 de
1403 1907 1575 1991 presby·

374 2015 466 2075 tero
497 2010 629 2073 Missam
664 2010 841 2075 celebrante
864 2011 1123 2076 Ministrantibus
1154 2010 1342 2077 Oantcribus
1365 2012 1512 2077 Candelis
1543 2015 1576 2077 et

372 2117 486 2198 pannis
508 2137 605 2198 supra
627 2113 777 2179 faretram
799 2116 962 2199 ponendis.
997 2114 1146 2201 Exponat
1164 2117 1299 2201 denique
1322 2117 1419 2201 isipse
1441 2117 1479 2181 de
1499 2117 1575 2182 fisco

372 2219 535 2283 facultatis
559 2219 784 2303 premissorum
806 2220 943 2285 intuitu:
973 2219 1153 2286 Celebranti
1176 2223 1253 2288 duos
1280 2223 1397 2287 solidos
1419 2222 1471 2300 h.,
1505 2222 1574 2286 cui-

369 2324 448 2388 libet
480 2322 735 2388 Ministrantium
766 2330 836 2390 octo
867 2327 1027 2406 denarios,
1060 2327 1204 2391 Totidem
1236 2327 1364 2392 Rectori
1386 2325 1574 2405 scolarium,

457 2498 539 2564 Item
562 2498 819 2564 ministrantibus
841 2499 881 2563 ad
903 2500 1012 2579 altare,
1036 2500 1167 2566 cuilibet
1189 2524 1297 2566 vnum*
1307 2504 1332 2587 β
1353 2502 1385 2566 11.

457 2601 539 2667 Item
562 2603 753 2680 cantoribus,
778 2601 908 2668 cuilibet
930 2609 1000 2668 octo
1024 2605 1177 2685 denarios,

454 2705 536 2771 Item
560 2707 727 2771 iuuenibus
750 2706 963 2772 deferentibus
986 2711 1130 2774 candelas
1161 2717 1174 2774 1
1197 2714 1226 2795 β.

454 2809 537 2875 Item
560 2810 667 2875 edituo
691 2810 767 2875 duos
790 2811 905 2877 solidos
925 2813 968 2893 h.‚
993 2835 1127 2897 quorum
1143 2816 1210 2880 loco
1226 2815 1387 2900 hucusque
1404 2817 1569 2880 consueuit

368 2915 508 3000 accipere
531 2913 709 3000 prandium,
885 2917 889 2924 '

454 3019 536 3084 Item
559 3020 673 3084 rectori
697 3021 875 3102 scolarium,
900 3023 977 3088 duos
1001 3025 1117 3090 solidos
1140 3026 1170 3090 11.

453 3121 535 3188 Item
557 3123 727 3209 organista,
753 3126 829 3191 duos
853 3128 968 3192 solidos
991 3130 1024 3194 h.

454 3227 536 3292 Item
559 3229 625 3312 ejus
650 3228 779 3308 famulo,
803 3235 867 3296 tres
894 3233 1037 3300 denarios
1058 3234 1079 3298 ¹.

404 3401 458 3466 De
480 3405 675 3486 personis
697 3406 744 3469 ad
766 3407 994 3489 prandium
1017 3400 1250 3474 catharine
1278 3409 1529 3475 inuitandis

454 3540 536 3606 Item
567 3543 714 3626 inprimis
746 3545 925 3634 inuitentur
950 3549 990 3612 ad
1013 3550 1182 3634 prandium
1206 3549 1375 3614 Catharine
1397 3572 1507 3615 omnes
1531 3552 1569 3615 dc

367 3645 499 3710 consilio
528 3646 745 3714 uniuersitatis
775 3656 807 3716 et
838 3655 982 3738 regentia
1008 3654 1188 3734 facultatis,
1222 3656 1256 3721 in
1287 3658 1376 3722 cuius
1404 3677 1568 3741 repensam

366 3751 555 3815 vniuersitas
577 3754 680 3818 soluet
702 3757 838 3841 singulis
862 3761 954 3824 annis
977 3761 1122 3826 facultati
1147 3761 1265 3826 artium
1292 3767 1306 3824 1
1332 3761 1363 3824 fl.

452 3853 534 3919 Item
566 3855 604 3920 D.
629 3857 811 3943 Prepositus
846 3864 974 3930 ecclesie
1003 3866 1169 3952 collegiate
1199 3865 1229 3931 S.
1255 3865 1384 3951 Georgii
1410 3887 1473 3930 vna
1494 3887 1567 3929 cum

365 3960 490 4039 11909119,
516 3961 650 4046 plebano
674 3969 706 4030 et
728 3967 923 4051 predicatore
945 3971 985 4035 ad
1007 3971 1066 4036 hoc
1088 3971 1257 4055 prandium
1281 3970 1468 4034 inuitentur.

452 4063 534 4130 Item
567 4066 605 4132 de
630 4068 701 4134 aliis
734 4075 877 4155 personis
905 4076 1041 4162 egregiis
1064 4081 1119 4141 ant
1145 4076 1388 4161 spectabilibus,
1423 4077 1479 4159 qui
1502 4097 1565 4141 11911

364 4173 438 4232 sunt
461 4169 498 4233 de
520 4171 651 4237 consilio
675 4175 893 4243 vniuersitatis
917 4184 972 4244 aut
995 4181 1032 4245 de
1055 4183 1199 4267 regentia
1222 4183 1279 4246 fac.
1309 4181 1437 4257 artium,
1461 4203 1502 4244 an
1527 4182 1565 4245 ad

363 4272 424 4337 hoc
452 4275 621 4358 prandium
653 4279 719 4343 sint
751 4281 925 4362 inuitandi,
957 4286 1148 4370 relinquitur
1178 4288 1310 4354 arbitrio
1342 4287 1400 4350 fac.
1437 4288 1565 4365 artium,

363 4379 533 4444 secundum
557 4384 640 4464 quod
662 4385 768 4468 ipsum
789 4393 895 4454 actum
917 4392 1050 4476 cupiunt
1072 4393 1233 4460 honorari.

434 4535 446 4588 l
466 4534 608 4591 Zusata:
632 4539 704 4595 Item
722 4541 880 4598 choralibus
898 4547 960 4601 octo
979 4565 1114 4604 nummos.
