3504 5322
528 447 662 504 Statuten
681 449 728 506 das
748 449 978 508 Contuberniums
999 451 1075 507 1536.
1336 453 1398 519 441

763 673 832 740 XV.

228 845 233 852 ·
282 821 466 906 Quicunque
489 819 641 903 magister
663 817 862 903 conspicatus
885 817 984 884 fuerit
1007 819 1042 884 in
1065 818 1129 884 vlle
1152 819 1221 885 loco
1244 820 1401 886 studiosos

196 927 346 1005 rixantes,
370 927 585 1012 confligentes,
609 926 850 1002 tumultuantes,
874 924 970 1008 quiue
988 925 1098 990 (letum
1120 926 1160 991 eb
1183 926 1290 1010 ulique
1312 926 1401 991 dnm-

198 1055 275 1097 num
297 1033 389 1098 rebus
412 1031 619 1097 contubernii
640 1029 842 1116 cognouerit,
877 1028 1051 1094 Rectori
1081 1030 1402 1096 Vniuersitatis

196 1137 289 1202 huius
312 1137 427 1203 scholae
450 1136 597 1202 indicato.
644 1135 687 1200 Ni
710 1136 832 1214 fecerit,
856 1139 967 1200 eontra
983 1135 1204 1201 iusiurandum
1218 1135 1329 1202 fecisse
1353 1137 1402 1201 iu·

199 1241 327 1320 dicator,
353 1244 385 1305 et
407 1241 556 1306 damnum
579 1245 741 1326 acceptum
763 1240 930 1306 restituere
953 1239 1085 1324 eogitor.
1132 1239 1220 1317 Quod
1236 1241 1264 1305 ei
1279 1263 1328 1306 res
1350 1263 1402 1306 co-

202 1368 270 1412 ram
294 1346 427 1412 Rectene
460 1345 684 1411 contubernali
717 1345 817 1410 decidi
851 1367 916 1410 non
946 1346 1087 1429 poterit,
1124 1346 1163 1412 ad
1187 1346 1403 1434 cognitionem

198 1451 399 1517 Rectoris
422 1441 746 1517 Vniuersitntis
768 1450 965 1516 scholasticae
988 1450 1157 1518 deferatur.

757 1624 845 1691 XVI.

288 1764 365 1830 Cum
382 1765 529 1830 omnibns
545 1766 578 1830 in
602 1765 695 1830 rebus
712 1765 934 1850 potentissime
956 1768 1146 1852 exempla
1169 1768 1207 1832 ad
1231 1768 1404 1833 docendum

203 1893 270 1936 esse
292 1875 431 1950 constet,
464 1872 650 1937 annituntur
673 1871 837 1958 magistri,
870 1875 906 1935 vt
928 1871 1098 1956 discipulos
1120 1893 1193 1936 snos
1215 1894 1280 1937 non
1303 1874 1404 1938 solum

201 1977 344 2042 oratione
366 1977 420 2042 sed
442 1980 539 2044 etiam
561 1976 627 2041 vito
650 1978 819 2056 instruant,
844 1977 990 2062 inprimis
1013 1979 1186 2055 lenitatem,
1209 1979 1405 2044 obscoenita-

203 2084 287 2160 tem,
319 2082 553 2167 turpitudinem
584 2083 738 2148 dictorum
775 2083 993 2166 factorumque
1024 2083 1064 2147 ab
1088 2084 1214 2148 illorum
1237 2085 1353 2150 occulis
1375 2088 1407 2150 et

203 2186 346 2252 sensibus
369 2188 585 2253 remouebunt.
640 2188 727 2273 Sceps
756 2188 841 2254 enim
863 2210 925 2253 vna
948 2188 1094 2272 improba
1116 2193 1171 2253 aut
1195 2209 1309 2274 spurce
1331 2211 1406 2254 voce

203 2295 290 2357 totus
313 2291 438 2358 animus
460 2293 609 2358 iuuenilis
633 2295 826 2378 peruertItur
848 2298 880 2358 et
904 2294 1109 2376 detorquetur
1132 2293 1171 2358 ad
1194 2293 1281 2359 vitiu.
1322 2294 1405 2358 Oen-

201 2395 288 2462 niuie
311 2398 554 2482 intempestiua,
585 2399 763 2482 potationes
786 2398 958 2475 deformes,
992 2398 1182 2478 tinctiones,
1218 2399 1295 2463 alces
1318 2398 1406 2462 lusus

200 2503 346 2568 scurriles
368 2505 500 2570 vitante.
544 2503 589 2570 Ni
612 2505 744 2570 fecerint
766 2503 918 2568 muletam
941 2505 1032 2568 nnius
1054 2503 1166 2568 floreni
1189 2502 1346 2568 soluuntc.

752 2677 857 2746 XVII.

288 2815 445 2900 Perqnam
468 2817 590 2882 vtiliter
612 2819 665 2896 fit,
690 2839 762 2884 eum
786 2821 969 2883 assuescunt
991 2818 1030 2882 ad
1053 2839 1143 2882 nsum
1166 2815 1407 2882 locutionis

201 2920 346 2986 latinae
376 2921 510 2986 studiosi
545 2922 631 2987 illius
654 2922 789 3008 linguae,
816 2923 868 2988 sed
892 2923 952 2987 hoc
974 2922 1038 2986 nisi
1060 2943 1134 2986 vera
1157 2922 1281 2986 ratione
1302 2920 1403 2986 admi·

201 3026 354 3091 nistretur
380 3031 481 3090 nocet.
535 3024 622 3091 Nam
651 3031 769 3092 temere
803 3049 989 3112 quecunque
1019 3027 1130 3113 lingue
1159 3029 1207 3095 vti
1240 3027 1407 3091 veritatem

201 3131 288 3197 illius
311 3131 495 3216 corrumpit.
543 3130 673 3197 Dabunt
697 3132 798 3217 igitur
813 3133 964 3218 Magistri
986 3153 1124 3217 operam,
1149 3135 1184 3196 vt
1207 3132 1252 3195 ita
1275 3130 1409 3196 educant

201 3257 274 3300 suos
296 3235 476 3318 discipulos,
501 3257 541 3300 ns
557 3237 695 3302 multum
711 3238 892 3321 loquentur,
916 3238 1121 3324 partitusque
1136 3241 1167 3301 et
1182 3237 1406 3320 loquacitatem

201 3341 285 3405 inter
308 3340 395 3423 ipsos
418 3345 625 3426 compescent.
671 3340 785 3406 (loram
800 3364 874 3407 vero
896 3365 930 3407 ee
953 3345 1049 3426 atque
1073 3341 1145 3406 aliis
1162 3341 1271 3418 doctis,
1296 3363 1314 3404 a
1337 3342 1409 3424 qui·

201 3445 261 3510 bus
284 3448 387 3510 errata
409 3445 443 3510 in
466 3445 620 3528 loquendo
644 3449 805 3513 emendari
822 3449 956 3533 possint,
980 3447 1082 3512 latina
1096 3446 1207 3532 lingna
1221 3446 1267 3510 vti
1282 3451 1407 3532 cogent.

203 3549 241 3615 In
265 3548 396 3633 reliquis
419 3550 540 3615 dabunt
563 3573 701 3636 operam,
726 3557 760 3616 vt
783 3553 886 3618 soient
909 3575 973 3618 non
996 3553 1107 3634 solumv
1124 3551 1199 3636 quid
1223 3557 1331 3636 agent,
1355 3553 1408 3616 sed

206 3656 303 3720 etiam
326 3654 402 3739 quid
425 3655 597 3740 loquentur
620 3658 678 3722 sui.

290 3759 496 3825 Potissimum
519 3766 624 3828 autem
647 3785 792 3829 sermone
808 3765 987 3849 produntur
1002 3764 1142 3849 ingenia,
1164 3763 1197 3827 in
1224 3783 1286 3847 quo
1309 3763 1335 3825 si
1358 3761 1407 3824 di·
1499 3821 1500 3824 ,

205 3862 351 3949 figentes,
376 3870 412 3930 vt
434 3866 510 3931 tides
534 3868 660 3933 illorum
683 3871 841 3949 hortatur,
865 3869 995 3949 fuerint,
1015 3871 1082 3952 jam
1106 3869 1202 3954 plane
1223 3887 1409 3951 superuaca-

204 3970 346 4035 uenerit
379 3970 436 4036 illa
458 3972 567 4058 lupi,
600 3996 694 4058 quern
717 3977 795 4040 olim
819 3977 943 4054 dixere,
974 3974 1172 4052 obseruatio,
1204 3994 1274 4057 quoe
1297 3975 1330 4036 et
1351 3971 1411 4036 hoc

205 4074 331 4158 quidem
353 4079 498 4161 tempore
519 4077 646 4144 sublata
668 4083 744 4145 esto.

745 4253 868 4321 XVIII.

292 4391 440 4477 Magistri
451 4392 577 4479 collegii
589 4394 622 4458 in
638 4416 720 4460 corn
732 4395 844 4460 muni
868 4391 1218 4459 mensnOonlubernii
1231 4394 1411 4478 pascentur,

204 4518 305 4581 neque
327 4497 434 4562 absirrt
457 4520 475 4561 a
497 4497 630 4583 prandio
653 4521 790 4577 eoencue,
814 4498 875 4564 nisi
898 4499 982 4563 iusta
996 4497 1033 4562 de
1056 4519 1158 4578 cansa,
1184 4517 1286 4583 quarn
1309 4518 1410 4581 pree·
