3442 5314
536 460 561 514 8.
580 457 713 514 Statuten
732 475 796 514 vom
813 457 837 512 9.
857 456 921 512 Okt.
942 458 1018 513 1477.
1333 463 1375 529 43

171 620 309 686 illustris
332 621 452 686 domini
485 619 586 686 nostri
616 619 794 685 fundatoris
825 623 880 683 aut
904 620 1054 687 honorem
1084 621 1299 690 uniuersitatis
1323 622 1375 687 sed

169 725 279 811 seipsa
301 728 425 794 meliori
448 728 542 792 modo
564 747 627 813 quo
650 726 796 813 poteritis
821 727 1042 813 promoueatis.

397 973 454 1040 Da
476 963 682 1060 qualitate
704 972 890 1060 eligendi
915 973 1156 1068 ltectorem,¹

261 1131 438 1198 Statuimus
454 1132 590 1218 amplius
613 1136 645 1197 et
667 1130 850 1196 ordinamus
877 1131 962 1215 quod
977 1130 1132 1195 Rector
1154 1151 1209 1196 sue
1230 1129 1375 1196 Rectorie

173 1239 316 1321 tempore
338 1241 497 1304 transacto
528 1237 636 1302 indie
667 1235 812 1302 uidelicet
835 1235 917 1303 Luce
950 1235 1144 1323 euangelista
1173 1257 1209 1302 ec
1231 1235 1376 1321 Philippi

173 1344 205 1405 et
217 1340 329 1408 Jacobi
351 1344 569 1427 apostolorum
590 1343 754 1408 beatorum
777 1346 832 1408 aut
847 1365 954 1408 eonem
969 1342 1100 1430 vigiliis,
1123 1345 1375 1431 representantes

173 1447 415 1514 uniuersitatem
437 1453 596 1526 eonuocet,
620 1449 659 1514 ad
682 1448 757 1514 noui
783 1448 923 1514 Rectoris
945 1448 1146 1526 electionem,
1170 1447 1302 1532 prestito
1325 1447 1374 1512 iu-

174 1556 318 1618 ramento
332 1575 389 1637 per
404 1554 537 1633 eosdem,
555 1555 638 1640 quod
654 1554 774 1619 nullam
790 1553 975 1620 facultatem
986 1557 1147 1638 spernant,
1164 1553 1375 1636 autaliquem

174 1657 266 1722 alteri
296 1663 490 1744 proponant,
521 1665 576 1725 aut
605 1661 744 1745 aliquam
776 1681 962 1745 quacunque
999 1661 1164 1726 affectione
1197 1658 1374 1734 excludant,

172 1763 234 1828 Sed
257 1764 378 1851 eligant
400 1767 572 1832 secundum
587 1789 658 1832 suas
674 1767 881 1831 conscientias
896 1787 1004 1845 vuum,
1029 1765 1255 1849 (cuiuscunque
1276 1763 1375 1829 lacul-

173 1869 251 1934 tatis
273 1870 382 1954 fuerit)
406 1871 461 1954 qui
483 1871 561 1955 ipsis
586 1877 720 1956 protunc
742 1872 782 1936 ad
798 1871 979 1937 Rectoriam
1002 1871 1104 1956 magis
1126 1869 1266 1955 ydoneus
1288 1869 1375 1933 vide·

175 1975 272 2054 bitur,
296 1976 341 2041 ita
361 1981 468 2042 tamen
491 1977 684 2056 ordinantes,
710 1979 792 2063 quod
805 1977 952 2043 Rectoria
975 1999 1040 2042 non
1055 1997 1177 2060 semper
1192 1979 1319 2039 maneat
1342 1973 1375 2038 in

174 2103 238 2145 vna
260 2081 430 2161 facultate,
462 2084 516 2147 sed
539 2084 622 2167 quod
645 2087 786 2148 transeat
808 2084 847 2148 ad
870 2083 1037 2168 supposita
1058 2082 1254 2146 diuersarum
1275 2078 1375 2144 sacul-

177 2189 291 2262 tatum,
315 2186 342 2250 si
366 2187 565 2271 reperiantur
587 2189 725 2273 ydoneo,
749 2189 833 2272 quod
855 2188 999 2252 videlicet
1022 2187 1096 2252 talis
1119 2189 1254 2270 quatuor
1275 2205 1375 2248 anno-

178 2313 250 2356 rum
272 2290 427 2377 Magister
449 2293 502 2370 sit,
525 2293 706 2360 licentiatus
721 2296 770 2360 vel
786 2294 904 2372 doctor,
927 2299 983 2359 aut
1005 2294 1113 2358 saltim
1129 2292 1207 2356 aliae
1229 2290 1376 2374 precipue

178 2396 358 2463 nobilitatis
389 2397 438 2461 vel
461 2398 645 2484 dignitatis,
676 2405 772 2484 prout
794 2400 1004 2465 iudicauerint
1027 2399 1181 2483 expedire,
1209 2418 1245 2461 eo
1269 2400 1376 2460 tamen

176 2502 282 2581 saluo,
318 2503 401 2587 qnod
430 2503 513 2569 idem
543 2505 743 2590 suppositum
772 2526 837 2570 uon
870 2507 1021 2591 grauetm
1052 2503 1157 2588 sepius
1180 2503 1239 2568 hoc
1260 2500 1374 2581 olficio,

174 2613 281 2693 preter
310 2631 400 2674 suam
430 2610 637 2675 uoluntatem.
690 2610 733 2675 Et
762 2612 807 2676 sic
839 2611 928 2674 iuxta
958 2612 1115 2675 statutum
1138 2607 1176 2672 de
1198 2606 1280 2672 votis
1303 2627 1375 2690 pre·

175 2714 296 2779 mandis
319 2714 436 2780 Rector
457 2737 558 2780 nouus
581 2717 727 2802 eligatun
774 2716 825 2782 Ab
848 2717 907 2782 hac
929 2720 1035 2780 autern
1057 2713 1202 2780 Rectoris
1225 2711 1377 2776 electione

178 2819 342 2884 dominum
365 2819 594 2886 cancellarium
616 2822 832 2886 vniuersitatis
856 2826 888 2886 et
908 2821 1079 2906 plebanum
1094 2818 1155 2883 loci
1177 2821 1377 2902 protempore

176 2924 388 3003 excludimus,
423 2947 501 3009 quos
525 2927 565 2993 ab
587 2949 682 2993 onere
704 2927 884 2992 huiusmodi
907 2930 1069 3011 exemptos
1091 2945 1156 2988 esse
1179 2921 1323 2988 volumus
1345 2927 1377 2986 et

175 3034 385 3116 supportatos.

262 3135 416 3201 Similiter
437 3137 616 3215 statuimus,
640 3137 773 3222 quodsi
797 3140 869 3223 quis
891 3139 925 3202 in
937 3137 1103 3202 Rectorem
1131 3135 1246 3199 electus
1270 3131 1376 3208 fuerit,

177 3243 209 3306 et
238 3241 379 3306 officium
408 3242 589 3308 huiusmodi
619 3247 780 3328 acceptare
810 3244 965 3320 noluerit,
996 3241 1058 3306 nisi
1088 3240 1230 3326 assignet
1252 3258 1378 3302 causam

176 3346 353 3434 legitimam
382 3347 583 3413 minersitati
614 3353 792 3434 acceptam,
834 3351 975 3413 incurrat
1008 3368 1122 3432 penam
1154 3344 1253 3409 trium
1285 3342 1377 3408 flore·

176 3474 291 3518 uorum
312 3453 491 3518 renensium
513 3455 730 3519 uniuersitatis
752 3455 827 3520 fisco
850 3454 1116 3539 applicandorum,
1140 3449 1282 3533 alioquin
1303 3469 1377 3533 gra-

175 3558 254 3622 tiam
277 3557 438 3622 ammittat
470 3562 502 3622 et
534 3558 739 3645 priuilegium
772 3559 990 3624 uniuersitatis
1043 3555 1181 3634 Quodsi
1205 3552 1377 3618 deliberare

176 3663 387 3741 affectauerit,
415 3663 490 3728 talis
514 3664 699 3730 deliberatio
728 3666 826 3730 trium
850 3665 972 3730 dierum
1001 3663 1141 3750 spatium
1163 3683 1227 3726 non
1250 3658 1379 3724 excedat

175 3768 247 3835 Nisi
270 3791 308 3834 ex
338 3791 432 3834 causa
453 3769 637 3835 rationabili
669 3775 702 3836 et
732 3771 877 3857 legitima
906 3769 1077 3834 terminum
1099 3765 1281 3832 huiusmodi
1304 3786 1377 3850 pro·

272 3875 279 3888 '
345 3878 402 3940 tat.

176 3897 345 4045 f⁰8³¹ffi
375 3979 544 4046 statuimus
573 3985 605 4046 et
634 3983 835 4058 ordinamus,
867 3981 950 4064 qnod
973 3979 1088 4045 Rector
1110 3978 1157 4043 sin
1179 3977 1296 4042 clectus
1317 3976 1378 4040 toti

176 4085 377 4152 uniuersitati
405 4093 577 4153 conuocato
607 4089 655 4154 vel
679 4088 718 4154 ad
741 4087 918 4172 proximum
946 4086 1030 4151 diem
1052 4083 1251 4150 conuocande
1273 4082 1379 4167 publi·

175 4195 264 4256 cetur
285 4214 304 4255 a
325 4190 459 4257 Rectore
482 4195 628 4278 antiquo,
660 4195 935 4276 iuramentumque
969 4194 1009 4258 ab
1031 4215 1067 4258 eo
1089 4191 1221 4276 recipiat
1250 4190 1285 4254 in
1306 4211 1378 4273 pre-

175 4296 278 4362 sentia
306 4298 467 4376 omnium,
497 4300 643 4366 videlicet
674 4302 759 4383 qaod
788 4301 928 4382 fideliter
961 4305 990 4365 ct
1021 4299 1193 4382 diliqcolor
1223 4295 1380 4361 exercebit

174 4401 316 4484 officinm
346 4424 441 4470 auum
471 4407 566 4473 tracta
589 4412 713 4473 amula
740 4406 968 4472 oniuersilotts
1002 4405 1142 4484 desuper
1172 4401 1326 4468 ordinata
1349 4405 1379 4466 ct

176 4507 264 4574 ulios
281 4515 384 4590 prout
405 4511 520 4578 melius
543 4515 671 4580 wucrit
695 4513 847 4595 eepcdire
874 4511 1025 4598 Quodque
1046 4507 1233 4578 brduemodi
1256 4511 1380 4575 omum
