3460 5314
644 1420 943 1528 ultumas
981 1416 1260 1525 Jtulultl.

942 1701 970 1773 I.

483 1895 704 1969 suarum
731 1888 1029 1967 FACULTATIS
1056 1888 1280 1962 JURIDICE
1313 1893 1422 1966 1495.

437 2070 476 2134 In
499 2073 627 2136 nomine
649 2076 756 2136 sancte
778 2093 814 2136 ac
837 2068 999 2134 indiuiduo
1013 2065 1170 2130 trinitatis
1187 2063 1301 2129 Amen.
1347 2065 1394 2131 Vt
1417 2067 1557 2151 insignis

352 2176 462 2238 nostre
484 2173 566 2239 alme
582 2174 812 2239 Vniuersitatis
829 2173 1004 2256 Tuwingen
1028 2169 1160 2233 iuridica
1182 2169 1316 2232 facultas
1337 2191 1395 2253 pro
1418 2193 1558 2256 superna

350 2280 555 2365 propaganda
578 2280 714 2356 iustitia,
739 2302 802 2363 qua
816 2278 985 2360 unicuique
1002 2274 1085 2358 quod
1101 2295 1194 2337 suum
1216 2278 1264 2336 est
1287 2275 1404 2339 donare
1427 2297 1557 2342 consve-

352 2382 409 2460 uit,
433 2383 549 2468 iugiter
571 2385 680 2470 vigere
702 2387 797 2467 atquc
815 2381 902 2446 illius
925 2379 1067 2444 membra
1084 2378 1115 2441 iu
1138 2377 1201 2441 hiis
1225 2401 1285 2462 que
1309 2379 1413 2444 divine
1428 2383 1557 2446 veritati

350 2486 503 2552 viciniora
526 2495 603 2553 sunt
626 2490 793 2554 videantur
815 2488 966 2572 proficere
989 2483 1109 2548 Idcirco
1125 2481 1211 2548 Nos
1227 2480 1417 2549 Decanus
1438 2492 1477 2550 et
1499 2487 1557 2551 fa·

351 2590 492 2654 cultas
514 2593 654 2677 predicta
677 2596 797 2658 statuta
819 2590 998 2675 subscripta
1022 2589 1061 2653 ab
1086 2587 1185 2673 ipsius
1208 2587 1369 2653 facultatis
1394 2591 1556 2669 membris

351 2699 447 2777 prout
469 2699 712 2782 unumquodque
736 2701 769 2762 in
792 2719 907 2783 genere
929 2697 978 2760 vcl
1001 2695 1035 2758 in
1058 2695 1160 2779 specie
1182 2715 1369 2758 conseruere
1396 2695 1555 2772 videntur,

352 2799 486 2864 fideliter
509 2801 664 2866 seruanda
687 2803 882 2868 decreuimus
904 2805 1031 2865 matura
1046 2799 1272 2865 deliberatione
1287 2799 1463 2864 ordinanda
1478 2821 1555 2864 con-

355 2904 457 2969 denda
481 2909 513 2968 et
543 2905 741 2973 instituenda
762 2907 885 2991 Illaque
915 2907 1024 2971 diuino
1054 2906 1200 2969 inuocato
1229 2903 1347 2967 auxilio
1374 2904 1557 2968 ordinamus

352 3013 384 3072 et
406 3009 603 3075 instituimus
627 3033 683 3095 per
714 3017 875 3097 presentes
907 3033 968 3095 que
990 3010 1169 3095 subscripta
1194 3012 1269 3072 sunt
1291 3008 1431 3092 capitula
1452 3009 1557 3073 conti-

352 3115 472 3192 nencia,
497 3122 656 3180 reseruata
679 3118 770 3182 nobis
793 3120 950 3202 potestate
973 3120 1004 3180 et
1019 3115 1171 3179 facultate
1186 3113 1286 3177 libera
1301 3115 1422 3177 statuta
1444 3113 1557 3177 huius·

351 3219 436 3282 modi
460 3220 604 3284 mutandi
628 3221 792 3286 minuendi
825 3221 961 3306 augendi
992 3219 1168 3305 corrigendi
1201 3217 1380 3282 declarandi
1402 3223 1435 3283 et
1458 3219 1558 3284 inter·

351 3324 498 3408 pretandi
520 3328 615 3408 prout
646 3348 752 3390 rerum
776 3347 812 3390 ac
834 3331 1013 3409 temporum
1042 3323 1244 3388 causantibus
1267 3322 1432 3386 euentibus
1455 3325 1559 3387 visum

352 3427 449 3492 fucrit
471 3429 624 3512 expedire.
681 3429 719 3493 ln
751 3453 886 3515 quorum
916 3431 1010 3494 fidem
1032 3451 1068 3493 ac
1099 3427 1194 3492 robur
1217 3431 1393 3512 presentem
1417 3429 1559 3493 rotulum

353 3531 533 3596 huiusmodi
556 3538 679 3598 statuta
701 3536 735 3598 in
758 3557 790 3600 se
814 3535 1031 3600 coutinentem
1048 3535 1162 3598 exinde
1184 3533 1253 3597 fieri
1276 3535 1308 3596 et
1330 3533 1429 3617 sigilli
1454 3533 1556 3598 facul-

353 3637 429 3700 tatis
452 3640 559 3701 nostre
581 3639 730 3703 iussimus
755 3641 945 3723 appensione
977 3639 1175 3704 communiri.
1229 3636 1294 3711 Que
1316 3639 1413 3700 etiam
1434 3641 1558 3701 statuta

353 3763 409 3825 per
431 3741 682 3806 Vniuersitatem
708 3747 935 3828 congregatam
966 3747 1042 3807 sunt
1072 3743 1259 3807 confirmata
1281 3763 1365 3806 anno
1387 3742 1559 3807 millesimo

353 3846 666 3931 quadringentesimo
689 3849 895 3933 nonagesimo
920 3849 1040 3933 quinto.

510 4021 643 4086 'fener
665 4026 934 4087 statutorum
956 4021 1184 4086 facultatis
1206 4019 1395 4086 iuridicc.

753 4160 963 4225 Officium
985 4158 1150 4224 Decaui.

440 4297 592 4382 Inprimis
616 4300 722 4383 itaque
745 4299 924 4376 statuimus,
947 4301 983 4363 vt
1004 4299 1037 4362 in
1062 4297 1112 4362 die
1135 4300 1297 4365 electionis
1320 4300 1394 4365 noui
1411 4301 1557 4364 Rectcris

357 4405 404 4468 vel
429 4405 541 4468 saltem
566 4404 650 4468 infra
673 4409 816 4470 octauam
841 4403 1020 4469 doctoribus
1036 4405 1219 4489 regentibus
1235 4406 1267 4469 in
1291 4405 1443 4470 facultate
1465 4406 1557 4470 suffi-

352 4508 470 4574 cienter
493 4510 693 4596 congregatis
725 4510 861 4594 eligatur
894 4509 927 4572 in
958 4509 1162 4574 decanum
1186 4509 1412 4574 facultatis
1436 4511 1555 4589 doctor,
