3460 5314
348 496 411 560 276
804 491 936 547 Facultas
953 490 1086 546 Jun'dica.

346 655 437 720 duxit
458 650 706 736 proponendum,
730 653 875 715 teneatur
897 653 1125 726 secretum,
1150 648 1234 732 quod
1249 652 1326 713 tuuc
1342 648 1477 712 deosum
1499 651 1549 712 te-

346 763 458 824 neatur
481 757 560 821 illud
582 759 690 820 tenere
712 760 745 819 et
770 755 922 820 mandare
944 755 983 819 ab
1007 754 1078 819 aliis
1101 753 1202 819 teneri
1217 758 1371 819 secretum
1395 757 1549 838 perpetuo

346 863 395 928 vel
418 863 457 927 ad
479 866 604 946 tempus
627 861 718 924 iuxta
739 859 815 925 facti
838 859 1036 943 qualitatem.

434 967 516 1031 Item
539 967 707 1030 statuimus
730 965 813 1048 quod
836 970 910 1050 post
932 965 1007 1030 noui
1023 965 1132 1030 decani
1149 963 1333 1028 electionem
1355 964 1439 1027 iufra
1461 967 1548 1027 octa·
1653 961 1660 973 '

348 1095 421 1138 uam
445 1071 596 1154 antiquus
629 1070 764 1134 decanus
795 1070 833 1134 de
862 1070 998 1155 singulis
1028 1072 1271 1154 computum
1293 1068 1391 1134 faciat
1412 1067 1549 1131 fideliter

346 1183 441 1261 atque
473 1176 657 1260 peccuniam
685 1179 719 1239 et
748 1175 875 1260 singula
904 1175 968 1238 alia
1004 1196 1064 1257 quc
1093 1177 1168 1238 suut
1197 1173 1358 1239 facultatis
1381 1174 1442 1258 ipsi
1464 1193 1548 1236 nouo

347 1282 464 1346 decano
486 1282 647 1363 presentet
670 1284 701 1342 et
721 1278 857 1342 fideliter
880 1279 1022 1363 assignet
1044 1279 1103 1343 sub
1125 1279 1232 1342 debito
1256 1279 1435 1342 iuramenti.

432 1383 607 1449 Statuimus
630 1383 727 1447 etiam
750 1383 833 1466 quod
856 1383 990 1448 decanus
1017 1406 1076 1468 pro
1099 1405 1155 1448 suo
1184 1384 1408 1468 stipendio
1435 1383 1549 1448 debeat

346 1490 504 1575 percipere
528 1511 547 1552 a
568 1487 719 1553 facultate
732 1509 829 1552 vnum
851 1488 1014 1553 florenum.

351 1618 354 1625 ·
431 1593 565 1678 Insuper
588 1594 756 1659 statuimus
780 1594 863 1677 quod
886 1594 1022 1677 quilibet
1045 1594 1179 1658 decanus
1209 1593 1363 1657 inscribat
1386 1598 1548 1678 promotos

346 1705 488 1784 tempore
511 1699 559 1762 sui
582 1699 752 1762 decanatus
775 1697 809 1761 in
833 1699 1104 1762 matriculam
1126 1697 1306 1775 facultatis,
1336 1702 1369 1761 et
1392 1703 1548 1781 quantum

345 1805 493 1870 facultati
516 1803 676 1880 dederint,
701 1824 772 1866 cum
795 1823 879 1867 anno
902 1803 1062 1866 dominico·
1081 1823 1117 1866 aa
1140 1803 1190 1866 die
1212 1803 1328 1866 mensis
1350 1801 1393 1866 Et
1416 1807 1548 1887 propter

345 1909 404 1974 hoc
435 1909 552 1973 decano
582 1908 704 1972 soluere
727 1911 876 1972 tenentur
898 1907 1100 1971 Baccalaurci
1124 1910 1260 1991 quatuor
1282 1905 1417 1986 solidos,
1449 1907 1547 1971 liceu-

346 2016 445 2079 tiatus
466 2013 517 2079 vel
540 2013 647 2077 doctor
671 2015 792 2095 septem
814 2011 929 2077 solidos
952 2012 1036 2076 Etsi
1059 2012 1135 2076 alibi
1160 2013 1297 2097 promoti
1320 2013 1440 2076 fuerint
1465 2012 1548 2076 vltra

344 2119 489 2204 predicta
511 2116 619 2181 doctor
641 2117 691 2180 rel
715 2117 896 2180 licentiatus
920 2121 1031 2200 petens
1047 2116 1174 2180 admitti
1189 2117 1230 2180 ad
1244 2117 1421 2201 regentium
1443 2118 1549 2181 soluat

345 2223 491 2288 facultati
524 2221 654 2285 iuridice
682 2243 780 2286 vnum
809 2221 962 2285 florenum
994 2226 1025 2285 et
1048 2222 1165 2285 decano
1187 2226 1223 2284 vt
1246 2221 1301 2284 alii
1324 2220 1375 2284 hic
1396 2221 1546 2305 promoti,

344 2328 474 2412 pedellis
504 2348 577 2391 vero
607 2326 773 2390 dimidium
802 2327 976 2402 florenum,
1007 2326 1234 2390 Baccalaureus
1257 2347 1330 2390 vero
1353 2326 1457 2390 soluat
1479 2349 1548 2390 me·

343 2433 493 2498 dietatem
517 2431 631 2496 horum
657 2435 714 2495 etc.

318 2581 324 2592 ·
431 2537 513 2602 Item
536 2538 669 2602 decanus
684 2539 811 2600 tenetur
827 2536 929 2600 facere
944 2535 1103 2618 publicam
1119 2533 1434 2599 intimationem
1457 2557 1546 2620 pro-

343 2642 577 2707 motionum
611 2643 791 2724 promotore
824 2643 856 2704 et
885 2639 1107 2724 promouendis
1131 2641 1302 2723 expressis,
1336 2661 1393 2724 per
1416 2663 1546 2704 manum

344 2745 472 2812 Notarii
494 2745 552 2810 sub
576 2743 681 2829 sigillo
704 2744 865 2809 facultatis
888 2748 946 2808 etc.

431 2849 607 2915 Statuimus
636 2849 765 2934 insuper
797 2849 879 2933 quod
909 2850 1043 2914 facultas
1073 2849 1189 2913 habeat
1222 2849 1389 2912 archam
1424 2850 1546 2914 duabus

344 2957 422 3020 seris
445 2961 476 3020 et
500 2954 641 3019 clauibus
664 2955 837 3033 munitam,
863 2955 895 3018 in
920 2977 1015 3038 quam
1038 2955 1239 3018 includentur
1262 2955 1474 3019 instrumenta
1496 2955 1546 3019 fa·

344 3061 483 3138 cultatis,
506 3060 600 3122 fiscus
622 3062 654 3122 et
676 3059 738 3123 alia
762 3059 964 3124 obueuientia
994 3059 1148 3123 facultati.
1196 3057 1319 3122 Harum
1349 3063 1457 3124 autern
1480 3061 1546 3123 cla-

343 3165 431 3228 uium
452 3186 549 3228 vuam
570 3164 686 3229 habeat
708 3165 842 3229 decanus
866 3187 923 3248 pro
947 3169 1106 3250 tempore,
1135 3164 1267 3228 alteram
1290 3185 1364 3228 xero
1387 3167 1423 3242 is,
1449 3187 1546 3248 quem

342 3269 476 3334 facultas
499 3269 641 3354 elegerit.

429 3373 511 3437 Item
534 3375 703 3437 statuimus
726 3375 810 3458 quod
832 3376 967 3439 decanus
991 3379 1064 3459 post
1085 3375 1389 3439 admissionem
1412 3373 1545 3437 alicuius

343 3477 628 3563 promoucudi
658 3479 696 3542 ad
727 3479 888 3562 publicum
920 3491 1051 3544 examen
1082 3482 1226 3545 teneatur
1257 3479 1288 3541 id
1320 3501 1376 3564 per
1399 3477 1542 3542 cedulam

342 3582 392 3645 rel
416 3581 570 3665 pedellum
594 3581 742 3649 intimare
764 3585 803 3648 ad
827 3585 966 3669 quinque
989 3585 1054 3649 dies
1078 3586 1257 3649 antediem
1284 3584 1437 3647 examinis
1460 3582 1542 3668 pub-

341 3685 396 3749 lici
419 3685 548 3750 cuilibet
577 3687 698 3752 doctori
727 3691 851 3773 regenti
874 3687 916 3753 Et
945 3689 1169 3754 nichilominus
1196 3688 1245 3752 die
1268 3687 1448 3752 immediate
1470 3709 1544 3772 pre·

342 3790 471 3853 cedente
501 3811 631 3855 examen
664 3793 826 3876 publicum
856 3799 1001 3859 teneatur
1024 3794 1159 3880 siugulis
1192 3793 1372 3857 doctoribus
1396 3793 1546 3857 intimare

341 3911 398 3979 per
421 3893 580 3972 cedulam,
611 3897 692 3979 quod
723 3898 861 3962 crastina
884 3898 933 3964 die
965 3921 1056 3964 mane
1079 3897 1229 3962 intersint
1252 3897 1345 3960 misse
1369 3897 1407 3960 de
1429 3897 1545 3981 spiritu

342 3987 451 4064 sancto
474 3997 516 4062 Et
539 4005 708 4085 postquam
739 4007 857 4087 puncta
888 4004 1008 4068 fuerint
1031 4005 1210 4089 assignata,
1241 4005 1386 4066 teneatur
1408 4002 1545 4088 singulis

344 4105 526 4169 doctoribus
548 4107 731 4191 regentibus
754 4131 810 4193 per
832 4109 974 4174 cedulam
997 4114 1117 4193 puncta
1140 4112 1171 4173 et
1188 4107 1291 4172 locum
1307 4107 1460 4171 examinis
1482 4130 1546 4171 vna

342 4231 412 4274 cum
436 4209 515 4274 hora
536 4210 716 4296 significare
738 4217 770 4277 et
794 4214 916 4278 eosdem
940 4236 998 4298 per
1020 4214 1198 4279 iuramenta
1221 4213 1259 4277 ad
1282 4212 1342 4277 hoc
1364 4235 1482 4278 vocare.

430 4313 607 4381 Statuimus
630 4318 713 4401 quod
729 4317 864 4384 decanus
886 4340 945 4403 pro
967 4322 1110 4402 tempore
1125 4319 1236 4384 statim
1252 4318 1387 4383 admisso
1403 4337 1545 4402 quocun·

341 4441 402 4503 que
425 4420 464 4484 ad
487 4443 617 4486 examen
640 4424 803 4508 priuatum
825 4427 971 4488 teneatur
987 4424 1125 4508 recipere
1141 4426 1179 4489 ad
1199 4444 1311 4489 manus
1327 4447 1399 4488 suas
1415 4422 1455 4488 ab
1470 4445 1544 4488 exa·

343 4526 494 4590 minando
516 4530 633 4609 omnia,
659 4552 720 4614 que
735 4530 896 4595 tenebitur
910 4549 1066 4614 exponere
1081 4530 1261 4596 doctoribus
1276 4527 1545 4595 examinatoribus
