3460 5314
346 447 410 514 266
785 443 915 502 Facultas
935 444 1101 516 theologica.

345 605 593 690 sumptionibus,
623 628 679 689 per
710 609 788 689 quot
818 605 916 670 eciam
946 605 1040 670 horas
1071 605 1252 671 huiusmodi
1275 607 1428 690 producta
1448 606 1549 671 fuerit

346 711 528 796 disputatio
650 741 652 746 ·

438 816 520 881 Item
544 816 692 902 Magistri
714 819 976 881 resumentes
999 815 1158 880 debebunt
1180 837 1340 880 resumere
1362 815 1552 900 regulariter

347 923 500 1006 scriptum
524 923 656 988 alicuius
680 923 816 987 doctoris
836 921 997 1007 theologie
1017 920 1101 986 circe
1120 919 1355 986 Sententiarum
1378 920 1477 985 libros
1499 919 1548 984 di·

345 1032 470 1112 gestum
501 1033 555 1092 aut
584 1028 761 1112 quotlibeta
792 1028 842 1092 vel
873 1048 1029 1091 summam
1058 1026 1191 1090 alicuius
1221 1025 1358 1090 doctoris
1388 1023 1548 1110 theologie

344 1153 381 1197 ea
416 1136 679 1215 pertractantem,
710 1154 771 1216 que
802 1132 835 1195 in
859 1130 1095 1196 Sententiarum
1125 1131 1217 1195 libris
1240 1134 1466 1196 memorantur.
1512 1127 1547 1196 Si

343 1240 451 1303 tamen
474 1236 627 1322 Magister
649 1238 716 1321 ipse
738 1257 900 1301 resumens
929 1237 970 1301 ob
993 1235 1124 1300 materie
1147 1233 1352 1319 qualitatem,
1383 1257 1444 1324 que
1465 1234 1550 1300 circa

347 1341 487 1427 predicta
508 1341 628 1425 scripta
650 1342 827 1426 quotlibeta
850 1341 898 1406 vel
926 1363 1063 1406 summas
1087 1341 1250 1406 doctorum
1273 1339 1416 1426 emergIt,
1440 1360 1547 1404 neces·

347 1446 465 1512 sarium
495 1447 683 1514 indicauerit
712 1449 763 1513 vel
791 1448 885 1524 vtile,
917 1448 956 1512 ad
979 1445 1214 1530 aliquantulum
1237 1444 1390 1528 temporis
1413 1444 1548 1508 interse-

343 1552 442 1618 rendo
465 1557 498 1618 ct
520 1553 610 1636 quasi
632 1574 690 1636 pro
712 1552 917 1636 ampliatione
940 1551 1145 1636 digrediendo
1160 1572 1321 1615 resumere
1336 1548 1470 1613 titulum
1487 1547 1547 1612 ali·

343 1679 436 1742 quem
459 1657 497 1722 cle
518 1679 643 1722 summa
665 1657 798 1722 alicuius
814 1656 1000 1733 collecturis,
1024 1657 1056 1721 id
1072 1657 1139 1722 eins
1154 1657 1287 1723 arbitrio
1302 1654 1545 1739 relinquendum

345 1761 510 1841 dussimus,
541 1763 682 1847 eoquod
713 1763 894 1828 collectores
925 1761 956 1826 in
982 1762 1076 1827 certis
1099 1763 1205 1826 titulis
1227 1782 1456 1844 nonnunquam
1480 1780 1548 1824 ma

346 1867 442 1932 terias
465 1867 577 1932 saltem
600 1867 767 1952 agibilium
788 1871 821 1932 et
851 1867 1024 1932 casualium
1053 1889 1158 1950 neruum
1180 1866 1418 1951 particularius,
1453 1885 1549 1948 quam

344 1973 399 2058 qui
423 1971 620 2037 maiestatem
638 1971 875 2038 Sententiarum
889 1973 1094 2037 commentati
1115 1975 1200 2050 sunt,
1224 1971 1432 2058 digesserunt.
1464 1969 1548 2044 Quin

342 2077 407 2142 imo
429 2077 456 2140 si
477 2076 637 2141 interdum
660 2077 781 2142 utilitas
804 2081 859 2142 aut
881 2077 1080 2142 rationabilis
1105 2077 1282 2161 poposcerit
1306 2098 1417 2154 causa,
1442 2077 1548 2159 posset

345 2184 523 2266 resumptor
546 2181 586 2245 ad
608 2185 732 2265 tempus
755 2183 855 2247 alium
878 2182 987 2248 utilem
1011 2183 1217 2247 tractatulum
1248 2202 1423 2258 resumere,
1454 2181 1547 2244 dum-

342 2286 435 2351 modo
457 2285 556 2350 eeiam
571 2286 732 2352 auditores
755 2288 888 2352 eundern
912 2287 973 2352 sibi
989 2287 1236 2372 comparandum
1260 2285 1450 2350 inuenirent.
1483 2283 1547 2348 Ite·

342 2391 463 2476 gularis
494 2397 602 2456 tamen
632 2393 807 2476 resumptio
837 2398 870 2458 et
898 2393 1087 2478 regulariter
1121 2391 1278 2476 loquendo
1300 2389 1369 2454 fieri
1391 2388 1486 2455 debet
1509 2389 1544 2454 iu

342 2496 468 2579 scriptis
505 2501 536 2561 et
568 2497 700 2562 summis
732 2501 826 2581 atque
860 2497 1046 2582 quotlibetis
1078 2519 1175 2581 supra
1209 2493 1408 2572 memoratis,
1444 2513 1547 2577 neque

341 2603 466 2665 tantum
498 2601 533 2665 in
562 2602 703 2686 apicibus
725 2603 928 2687 speculatiuis
957 2608 989 2669 et
1011 2602 1228 2678 scholasticis,
1261 2597 1488 2664 verumetiam
1512 2597 1546 2660 in

341 2705 474 2770 materia
503 2708 669 2772 moralium
700 2708 874 2774 casualium
904 2713 1000 2794 atque
1033 2708 1201 2794 agibilium
1222 2727 1295 2772 suos
1318 2705 1430 2770 curent
1452 2695 1548 2768 insti·

342 2814 430 2876 tuere
453 2811 486 2876 in
509 2812 780 2897 resumptionibus
804 2814 972 2879 auditores.
1499 2813 1500 2816 '

430 2914 514 2980 Item
535 2915 684 3000 Magistri
714 2917 938 2982 distinctarum
965 2918 1089 2982 viarum
1122 2917 1168 2982 ita
1198 2914 1358 2982 distinctis
1389 2933 1548 2978 resumere

340 3022 451 3084 curent
472 3018 576 3097 horis,
607 3023 641 3084 vt
665 3021 823 3085 auditores
846 3021 1010 3105 utriusque
1042 3022 1091 3086 vie
1121 3022 1149 3086 si
1171 3021 1354 3106 optauerint
1377 3023 1545 3102 utramque

340 3122 470 3188 visitare
484 3125 733 3208 resumptionem
748 3126 884 3204 valeant,
909 3125 972 3190 nisi
996 3125 1105 3210 aliquo
1121 3125 1348 3210 impedimento
1363 3126 1549 3190 oecurrente

339 3228 372 3293 id
393 3227 432 3292 ad
455 3231 580 3314 tempus
603 3231 716 3295 saltem
738 3231 897 3296 modicum
920 3231 1083 3296 obseruari
1098 3233 1243 3316 nequeat.
1268 3229 1353 3296 Item
1368 3232 1550 3314 resumptor

340 3331 447 3418 aliqua
468 3334 518 3397 die
540 3334 678 3400 debitam
715 3337 882 3421 negligens
904 3335 1154 3420 resumptionem
1182 3335 1313 3402 eandem
1335 3333 1400 3400 alia
1422 3334 1472 3398 die
1493 3355 1549 3398 va·

341 3442 432 3503 cante
454 3440 600 3523 supplere
614 3442 727 3518 valeat,
754 3441 923 3505 dummodo
947 3441 1127 3506 huiusmodi
1143 3441 1301 3526 suppletIo
1317 3441 1402 3504 iutra
1418 3439 1550 3504 eandem

341 3541 399 3608 fiat
421 3544 596 3629 angariam,
620 3547 654 3609 in
677 3569 740 3630 qna
763 3546 928 3611 commissa
943 3550 1030 3610 extat
1052 3546 1258 3632 negligentia,
1281 3545 1348 3610 siue
1370 3544 1550 3610 huiusmodi

343 3648 500 3732 suppletis
524 3649 754 3735 negligentiam
776 3651 879 3734 ipsam
902 3656 1064 3735 sequatur,
1087 3653 1157 3718 siue
1180 3653 1310 3717 eandem
1324 3651 1460 3735 quadam
1476 3671 1549 3734 pro·

338 3751 480 3817 uidentia
509 3753 661 3820 suadente
689 3757 884 3840 precesserit.
931 3757 1015 3822 Item
1040 3757 1195 3844 Magister
1226 3756 1388 3843 theologie
1410 3755 1551 3820 debitam

341 3858 507 3944 negligens
528 3861 774 3944 resumptionem
805 3883 871 3927 sese
894 3883 986 3947 super
1015 3885 1051 3928 aa
1074 3863 1136 3928 fide
1160 3884 1223 3947 qua
1244 3865 1278 3928 et
1299 3884 1393 3945 super
1414 3859 1551 3928 lectione

341 3963 503 4029 ordinaria
523 3965 667 4050 neglecta
689 3968 879 4033 denunciare
901 3969 945 4032 sit
968 3969 1129 4046 astrictus,
1156 3970 1261 4034 soluat
1285 3987 1411 4051 quoque
1433 3987 1550 4049 penam

337 4073 473 4153 quatuor
493 4069 666 4136 solidorum
688 4095 746 4156 pro
771 4096 834 4138 vna
856 4073 1072 4156 resumptione
1094 4075 1240 4158 neglecta
1276 4077 1308 4137 et
1330 4094 1389 4156 pro
1411 4093 1474 4135 rna
1496 4092 1550 4135 or-

341 4174 464 4239 dinaria
486 4157 632 4260 neglecta
653 4199 750 4244 unam
772 4179 886 4244 libram
904 4181 1041 4262 quatuor
1062 4179 1188 4258 solidos,
1213 4177 1383 4244 dummodo
1406 4177 1466 4242 iste
1480 4175 1551 4242 Ma-

337 4279 437 4363 gister
459 4277 494 4343 iu
517 4280 676 4365 stipendio
699 4305 858 4348 summam
881 4286 1009 4348 centum
1032 4282 1148 4348 habeat
1180 4283 1381 4348 florenorum.
1436 4281 1471 4349 Si
1492 4303 1550 4347 au·

339 4388 403 4447 tem
426 4383 460 4447 in
483 4384 644 4470 stipendio
666 4389 782 4454 habeat
804 4393 933 4454 tantum
958 4390 1211 4475 quinquaginta,
1243 4388 1271 4453 is
1293 4389 1396 4453 soluat
1417 4408 1475 4473 pro
1498 4407 1552 4452 or-

341 4487 464 4556 dinaria
487 4493 632 4584 neglecta
663 4495 804 4562 medium
837 4496 993 4563 florenum
1024 4499 1056 4561 et
1088 4517 1145 4586 pro
1168 4495 1386 4581 resumptione
1415 4497 1553 4582 quatuor
