3460 5314
576 493 692 549 Statuta
712 493 778 548 1477
797 513 823 550 u.
844 496 920 550 1505.

269 723 324 788 De
347 723 554 790 electione
576 722 726 788 decani
749 723 924 806 eiusque
947 723 1101 789 officio
1122 723 1230 810 j'ura·

529 831 664 894 mento
688 832 727 891 et
750 830 974 912 potestate.

240 975 269 1034 9.
315 967 435 1034 Statuit
465 968 583 1032 artium
616 967 749 1032 facultas
775 966 819 1031 Vt
841 967 975 1032 Restare
997 967 1222 1034 Vniuersitatis
1253 971 1350 1036 electo

154 1075 260 1140 statim
284 1074 390 1138 eadem
413 1073 474 1150 dia
497 1074 630 1138 decanus
654 1094 712 1156 pro
735 1077 877 1154 tempore
899 1095 1006 1138 omnes
1022 1073 1194 1159 Magistros
1216 1075 1254 1139 de
1276 1097 1350 1139 oon-

154 1179 224 1243 silio
246 1178 408 1242 facultatis
432 1178 470 1242 ad
493 1176 747 1242 electionem
771 1177 845 1240 noui
869 1176 979 1242 decani
1002 1200 1058 1263 per
1074 1179 1231 1262 padellam
1247 1180 1348 1244 nomi·

154 1285 253 1349 natim
277 1283 442 1349 conuocari
466 1281 573 1360 faeiat,
597 1281 639 1346 Et
662 1287 777 1347 extunc
800 1281 938 1367 eligatur
961 1303 1017 1366 per
1044 1283 1257 1348 iuramentum
1279 1306 1350 1367 pre·

154 1391 265 1454 stilum
288 1389 320 1452 in
347 1388 508 1452 Decannm
525 1387 678 1473 Magister
699 1387 839 1471 ydoneus
862 1387 970 1471 grauis
992 1392 1023 1452 et
1046 1389 1256 1474 morigeratus
1279 1393 1348 1453 actu

156 1493 289 1578 Begerra,
314 1491 436 1567 Quian
459 1493 564 1556 minus
588 1496 725 1575 quatuor
747 1512 902 1555 annorum
925 1492 968 1555 sit
992 1490 1155 1577 Magister,
1178 1493 1229 1557 lta
1256 1495 1349 1577 quod,

153 1598 184 1661 in
215 1619 311 1681 quem
342 1597 443 1661 maior
473 1619 546 1681 pars
568 1597 731 1661 facultatis
753 1596 948 1660 consenserit
969 1598 1019 1660 vel
1043 1597 1075 1661 in
1100 1620 1194 1681 quem
1218 1599 1350 1662 demnas

154 1702 302 1786 antiquus
334 1703 495 1786 parilitate
524 1707 671 1766 votorum
700 1705 906 1766 concurrente
934 1701 1154 1781 declinassent,
1197 1703 1349 1766 habeatur

154 1830 252 1873 nouus
276 1809 412 1872 decanus
435 1807 537 1871 solnm
561 1830 618 1892 per
640 1807 736 1871 vuius.
756 1807 832 1870 anni
855 1827 982 1870 emaum
1007 1828 1240 1889 permansurus.
1290 1806 1350 1882 Qui

155 1920 186 1979 at
208 1914 394 1978 demnatum
418 1911 598 1997 (postquam
624 1912 687 1976 sibi
710 1914 746 1977 de
770 1913 921 1977 electione
944 1912 1135 1995 constiterit)
1162 1912 1246 1976 infra
1268 1912 1349 1976 diem

154 2020 330 2084 naturalem
355 2017 414 2082 sub
436 2039 518 2101 pena
539 2018 672 2082 duorum
695 2018 886 2084 florenorum
909 2018 984 2081 fiseo
1009 2016 1168 2081 facultatis
1188 1999 1345 2102 applican-

153 2126 262 2190 dorum
286 2145 443 2188 assumere
470 2125 627 2188 teneatur.

241 2235 290 2294 10.
325 2229 417 2294 Juret
436 2251 558 2313 quoque
580 2229 714 2293 decanus
736 2226 787 2291 Sic
805 2227 943 2310 primum
960 2228 1076 2291 electus
1099 2226 1133 2289 in
1156 2225 1270 2292 Manus
1293 2251 1349 2292 an-

154 2335 236 2419 tiqui
251 2334 361 2399 decani
383 2333 432 2397 vel
448 2332 588 2398 Senioris
600 2333 747 2417 Magistri
770 2333 803 2396 in
822 2332 920 2396 totius
942 2329 1103 2396 facultatis
1117 2333 1277 2413 presentia
1292 2331 1352 2396 hoc

151 2440 259 2504 modo:
354 2443 357 2448 “

237 2542 308 2626 Epa
332 2524 415 2608 acri
445 2549 474 2607 et
500 2543 655 2623 prornitto
687 2541 783 2606 Votis
808 2542 935 2606 domino
966 2539 1097 2606 Decanc
1132 2541 1264 2621 antiqno
1293 2545 1351 2604 ant

152 2653 237 2715 vices
258 2650 383 2732 persidi
405 2649 525 2729 totique
545 2647 696 2726 facultati
719 2647 856 2723 artium,
887 2646 971 2727 qnod
997 2645 1137 2726 fideliter
1163 2665 1227 2725 pro
1247 2644 1352 2726 focal-

153 2760 215 2820 tate
239 2755 360 2818 artium
383 2773 477 2834 apere
503 2752 588 2829 colo,
621 2751 762 2830 officinm
785 2771 887 2814 manin
916 2756 1064 2815 accurate
1095 2770 1255 2828 cancere,
1288 2755 1352 2813 sta-

152 2867 219 2926 tute
248 2867 277 2924 et
300 2862 335 2924 in
357 2859 512 2938 facultate
540 2857 688 2922 coirelnso
712 2877 776 2936 pro
800 2876 901 2936 posse
929 2860 1149 2932 manutenere,
1181 2874 1351 2935 conqrepa-

151 2968 253 3031 tiones
270 2964 440 3044 facultatis
460 2964 554 3028 inata
570 2963 791 3028 ordinationes
803 2967 833 3026 et
846 2960 1094 3040 statntafacere‚
1122 2959 1351 3022 Ordinationes

152 3077 180 3136 ct
205 3069 335 3136 Statnta
369 3070 478 3149 ipsias
499 3069 668 3147 faeieltatis
698 3064 789 3145 infra
813 3066 959 3132 Mariscae
982 3085 1051 3130 enm
1074 3063 1181 3128 debita
1203 3062 1350 3126 extorta-

152 3178 236 3241 ticnc
255 3195 318 3255 pro
344 3175 588 3254 suppositorum
612 3171 763 3236 Moribus
786 3177 816 3236 et
838 3171 1030 3250 Disciplina
1055 3169 1091 3232 in
1116 3167 1222 3232 Sectis
1238 3164 1350 3246 publi-

151 3303 232 3358 care,
259 3276 453 3362 Sigillaria,
477 3277 595 3341 librani
619 3275 818 3342 Statntcrnni
848 3279 877 3337 ct
900 3279 1060 3350 aetorum,
1084 3271 1295 3336 Matricnlam
1323 3273 1353 3333 ct
1388 3351 1394 3362 ¹

236 3451 376 3530 Placuit,
411 3452 494 3537 quod
524 3452 658 3516 decanus
689 3451 764 3514 fisco
795 3448 945 3531 deputata
983 3448 1017 3511 in
1051 3468 1153 3511 arcam
1189 3444 1349 3510 facultatis

151 3562 321 3646 diligenter
342 3561 486 3642 reponat,
509 3558 567 3621 snb
590 3555 696 3620 debito
717 3553 898 3638 juramenti.

238 3663 343 3728 Arca
365 3665 471 3727 autem
493 3661 652 3725 facultatis
677 3663 812 3742 quatuor
835 3658 938 3720 claues
959 3654 1075 3719 habere
1090 3653 1191 3731 debet,
1216 3674 1350 3736 quarum

156 3792 249 3834 vnam
275 3769 409 3832 decanus
431 3790 489 3852 pro
507 3770 658 3850 tempore,
682 3764 818 3847 reliquas
835 3763 911 3826 duas
927 3759 1098 3826 consiliarii
1115 3758 1234 3835 decani,
1257 3780 1351 3841 quar-

152 3877 217 3937 tam
239 3894 313 3937 vere
336 3872 439 3936 senior
463 3871 548 3936 illius
569 3872 627 3947 rie,
653 3871 690 3934 de
713 3890 775 3951 qna
799 3867 933 3931 decanus
957 3887 1023 3929 non
1046 3867 1103 3940 est,
1127 3861 1262 3926 fideliter
1285 3883 1349 3924 ser-

151 3983 227 4042 uent
251 3981 283 4041 et
309 3976 499 4054 custodiant,

238 4082 319 4146 Item
342 4081 490 4166 clauigeri
516 4080 675 4166 eligantur
705 4079 813 4143 eodem
843 4077 910 4154 die,
944 4097 1006 4159 qno
1038 4074 1188 4156 antiquus
1216 4071 1350 4134 decanus

151 4189 306 4252 rationem
328 4185 421 4264 facit,
453 4185 607 4269 Juretque
638 4186 772 4249 decanus
801 4205 872 4247 curn
894 4179 1079 4266 clauigeris,
1111 4177 1194 4261 quod
1217 4175 1351 4240 fideliter

151 4314 199 4356 res
222 4291 405 4356 commissas
430 4314 500 4356 cum
519 4291 665 4356 'claaibus
688 4289 788 4355 velint
811 4287 975 4352 custodire.

152 4421 356 4429 *an——

219 4468 234 4496 '⁶
252 4464 307 4520 Des
326 4464 509 4518 silbernen
528 4465 691 4534 Sceptera
710 4461 759 4517 der
777 4459 908 4514 Faculttt
933 4454 1076 4527 geschieht
1092 4455 1184 4509 weder
1202 4451 1350 4506 hiernach

153 4554 223 4608 oben
241 4551 287 4607 bei
305 4551 369 4606 dem
388 4552 565 4608 Cerimoniell
590 4552 638 4606 des
658 4547 915 4606 Katharineufestes
933 4543 1127 4611 Erwthnung,
1152 4540 1273 4596 obschon
1300 4538 1351 4592 das
