3460 5314
355 443 418 508 346
818 435 948 490 Facultas
968 435 1087 488 Artium.

356 599 568 684 computando
591 602 716 680 tempus
739 594 888 660 exercitia
915 597 947 658 et
975 593 1125 658 lectiones
1158 592 1250 656 adia
1272 592 1502 661 intitulacionis
1525 596 1559 660 in

355 704 557 770 Matriculam
579 700 794 766 uniuersitatis
817 703 849 764 et
872 698 1044 775 facultatis,
1069 699 1096 762 si
1122 697 1164 761 sit
1187 696 1423 765 Baccalanreus.

444 813 494 872 38.
519 806 645 871 Habeat
667 806 767 870 eciam
782 803 918 868 facultas
933 803 1061 886 plenam
1075 801 1263 866 facultatem
1286 803 1559 889 dispensandi

359 937 429 980 cum
453 911 631 978 Scolaribus
654 911 688 974 in
711 911 824 992 quarta
848 911 938 991 parte
961 907 1058 983 anni,
1091 927 1161 970 cum
1186 905 1402 972 Baccalaureis
1423 929 1498 972 vero
1519 907 1560 972 ad

356 1019 574 1105 magisterium
598 1018 631 1081 in
655 1014 786 1080 dimidio
809 1035 903 1091 anno,
927 1011 1114 1076 racionabili
1130 1015 1346 1076 tamencausa
1362 1016 1394 1076 et
1416 1013 1560 1098 legitima

356 1125 387 1188 id
411 1123 567 1209 exigente,
592 1126 668 1207 puta
685 1119 767 1205 quorl
792 1120 817 1182 si
835 1118 1028 1204 Magistrum
1052 1117 1201 1182 habuerit
1215 1139 1272 1202 pro
1288 1140 1324 1183 eo
1340 1119 1559 1202 deponentem

359 1230 415 1292 aut
437 1228 515 1292 alias
538 1226 697 1290 sufficiens
718 1223 904 1307 reperiatur.

447 1335 499 1395 39.
522 1330 644 1397 Statuit
666 1329 813 1393 similiter
836 1327 980 1404 facultas,
1005 1327 1087 1411 quod
1110 1325 1337 1392 Baccalaurcus
1360 1328 1409 1393 vel
1424 1328 1560 1395 Sceleris

357 1437 403 1503 de
425 1459 502 1501 vna
524 1436 591 1498 via
613 1434 661 1499 ad
684 1433 809 1498 aliern
833 1455 864 1496 se
887 1431 1082 1497 transferens
1098 1432 1246 1497 adminus
1269 1436 1416 1499 teneatur
1438 1434 1472 1499 in
1496 1434 1560 1499 alia

355 1564 413 1625 pro
436 1540 605 1624 adepcione
627 1537 743 1623 gradus
766 1558 885 1600 annum
910 1535 1131 1620 conrpleuisse,
1162 1536 1281 1619 absque
1313 1539 1558 1622 dispensacione.

356 1645 445 1722 Quod
469 1644 606 1730 intelligi
637 1642 781 1706 volumus
812 1642 850 1705 de
872 1640 1051 1706 Scolaribus
1084 1644 1116 1705 et
1138 1639 1354 1708 Baccalaureis
1386 1643 1420 1707 in
1449 1647 1560 1708 nostra

358 1733 564 1815 vnlnersitate
586 1748 745 1823 enutritis,
769 1747 853 1831 quod
876 1747 902 1810 si
926 1745 1021 1810 etiarn
1045 1745 1118 1810 talis
1133 1767 1190 1829 per
1213 1768 1332 1811 annum
1357 1769 1390 1812 se
1412 1747 1560 1812 absenta-

357 1855 441 1920 nerit
471 1878 490 1919 a
520 1858 628 1920 nostra
660 1853 867 1918 uniuersitate
897 1857 928 1917 et
957 1855 1066 1937 postea
1096 1874 1239 1918 reuersus
1268 1853 1382 1934 fuerit,
1413 1854 1494 1919 liber
1516 1853 1561 1918 sit

356 1964 509 2044 tanquam
532 1959 659 2023 aliunde
681 1959 819 2024 veniens.

444 2069 495 2128 40.
518 2065 638 2129 Iterum
660 2064 774 2128 statuit
795 2062 947 2139 facultas,
980 2063 1062 2145 quod
1086 2062 1124 2125 de
1146 2065 1249 2127 cetero
1280 2062 1313 2126 in
1337 2063 1559 2148 dispensa·

359 2170 455 2234 cion
466 2170 559 2234 ibus
582 2192 601 2233 a
623 2167 803 2234 scolaribus
826 2189 884 2251 pro
907 2167 1084 2232 excessibus
1100 2167 1312 2253 negligentiis
1328 2171 1384 2231 aut
1400 2167 1471 2232 aliis
1487 2167 1560 2251 qui-

356 2275 539 2358 buscunque
562 2274 644 2340 nihil
658 2273 839 2358 recipiatur,
864 2272 918 2336 sed
934 2271 1123 2336 admittendi
1138 2271 1332 2356 simpliciter
1349 2272 1561 2336 admittantur

354 2382 386 2443 et
415 2378 588 2462 repellendi
620 2378 835 2463 repellantur,
866 2377 1097 2463 Magistrorum
1127 2380 1235 2441 tamen
1267 2379 1334 2442 inre
1357 2378 1465 2455 saluo,
1496 2399 1559 2461 quo

354 2483 488 2548 Scolaris
512 2485 590 2549 cinos
613 2484 727 2549 solidos
749 2488 781 2548 et
804 2482 1040 2569 Magistrandus
1063 2482 1195 2568 duplum
1219 2482 1293 2546 dare
1315 2481 1456 2547 habebit.

442 2594 493 2653 41.
519 2588 635 2654 Nullus
668 2589 776 2672 itaque
806 2592 949 2670 tempore
977 2587 1150 2652 lectionum
1173 2587 1392 2652 exercitiorum
1415 2591 1471 2651 aut
1494 2585 1559 2651 dis-

354 2695 557 2778 putationum
579 2694 754 2778 truphis
778 2697 850 2758 aut
865 2693 1124 2757 insolenciis
1141 2692 1333 2777 Magistrum
1349 2695 1404 2756 aut
1418 2690 1560 2757 Scolares

354 2799 488 2877 afficere,
512 2799 678 2864 molestare
701 2803 756 2862 aut
778 2798 930 2883 impedire
946 2819 1091 2884 'unquam
1114 2799 1293 2882 presumat,
1325 2797 1384 2861 sub
1407 2818 1488 2880 pena
1511 2818 1559 2859 re-

354 2903 557 2968 tardacionis.
946 2897 948 2908 '

444 3013 496 3072 42.
521 3006 666 3093 Denique
688 3009 795 3074 nullus
819 3009 888 3072 siue
903 3006 1129 3072 Baccalaureus
1152 3007 1220 3071 siue
1236 3005 1381 3071 Scolaris*
1394 3004 1560 3070 cedulae

357 3117 446 3178 actus
469 3117 525 3178 aut
546 3113 697 3178 lectiones
720 3117 828 3179 nostre
859 3112 1021 3178 facultatis
1044 3112 1230 3178 intimantes
1260 3115 1335 3177 ante
1357 3115 1483 3195 tempus
1506 3110 1559 3174 de-

353 3220 476 3298 bitum,
511 3219 631 3286 scilicet
661 3220 788 3304 pulsum
820 3240 1038 3303 vesperarum,
1074 3218 1228 3302 deponat,
1264 3216 1324 3280 sub
1356 3238 1438 3300 pena
1466 3215 1560 3279 unius

358 3324 469 3389 floreni
487 3323 506 3387 ¹.

450 3548 458 3584 ¹
477 3557 528 3612 Die
548 3555 658 3612 Artikel
684 3555 771 3611 dieses
790 3555 879 3610 Titels
898 3555 950 3611 hat
965 3547 1002 3612 B.
1025 3572 1088 3608 zum
1100 3554 1181 3608 Thcil
1198 3557 1228 3609 in
1247 3554 1365 3610 anderer
1379 3553 1563 3624 Reihenfolge

356 3651 414 3706 und
435 3651 506 3706 dazu
526 3651 657 3723 folgende
675 3652 802 3708 weitere:

440 3741 523 3806 Item
545 3747 580 3805 vt
604 3741 903 3834 negligentia,
929 3763 1024 3825 quam
1047 3740 1201 3806 hactenus
1217 3739 1340 3804 nonulli
1356 3743 1421 3804 tam
1444 3740 1561 3805 bacca-

359 3847 461 3912 laurei
483 3869 577 3931 quam
600 3847 733 3912 scolares
764 3846 798 3910 in
820 3845 1080 3930 responsionibus
1108 3843 1298 3928 supradictis
1325 3845 1560 3923 commiserunt,

356 3955 545 4028 coerceatur,
569 3951 684 4016 statuit
706 3952 764 4016 fac.
793 3957 825 4016 et
847 3951 1075 4016 inuiolabiliter
1097 3950 1217 4014 seruari
1241 3949 1357 4026 voluit,
1381 3950 1464 4032 quod
1488 3949 1561 4015 bac-

354 4058 517 4122 calaureus
546 4059 612 4122 siue
635 4058 763 4122 scolaris
785 4079 842 4142 pro
866 4055 1064 4142 negligentia
1094 4055 1187 4120 unius
1219 4054 1433 4137 responsionis
1457 4054 1562 4120 soluat

357 4185 452 4227 unam
476 4162 591 4227 libram
613 4184 691 4240 cere,
716 4162 840 4228 sivero
864 4163 940 4226 duas
959 4161 1147 4245 neglexerit,
1172 4160 1249 4224 duas
1272 4159 1370 4222 libras
1393 4159 1474 4223 etsi
1497 4163 1560 4224 tres

357 4266 532 4352 neglexerit
554 4268 794 4350 responsiones,
827 4270 892 4331 tres
915 4265 1013 4330 libras
1041 4287 1110 4330 cere
1133 4265 1309 4350 persoluat,
1345 4262 1386 4326 Et
1409 4285 1480 4328 cum
1502 4264 1563 4329 hoc

355 4373 488 4438 carueris
516 4395 598 4460 pena
621 4372 660 4437 ad
684 4373 742 4438 fac.
774 4371 942 4438 arbitrium
973 4371 1132 4458 puniatur.
1184 4369 1244 4434 Sed
1277 4367 1304 4432 si
1338 4372 1472 4454 quatuor
1494 4369 1563 4435 siue
