3442 5314
332 453 372 517 16
603 448 628 502 4.
653 445 813 516 Ptpstlr'che
829 445 913 500 Bulle
930 463 995 503 vom
1014 447 1056 502 13.
1075 445 1146 502 Nor.
1167 445 1243 502 1476.

330 609 398 674 iure
426 611 613 693 patronatus
643 608 783 691 predicto
813 606 989 693 presentari
1019 610 1052 672 et
1085 605 1126 670 ad
1147 607 1398 690 presenteciones
1421 606 1534 672 huius·

330 713 417 779 modi
444 713 478 776 in
501 712 675 778 canonicos
705 713 788 778 dicte
810 713 938 778 ecclesie
970 712 1112 790 institui,
1144 715 1177 776 et
1198 712 1339 778 instituti
1362 711 1535 780 Gathedras

331 819 416 905 ipsas
439 838 548 903 regere
569 820 740 882 teneantur
765 825 798 885 et
820 819 964 883 debeant.
1011 815 1161 900 Quodque
1183 815 1211 880 si
1233 839 1271 882 ex
1293 817 1452 884 modernis
1475 817 1536 883 Ce-

332 923 453 990 nonicis
475 922 657 987 huiusmodi
679 922 779 1006 aliqui
812 924 1026 1007 reperirentur
1050 922 1089 987 ad
1111 921 1281 1008 legendum
1309 925 1342 986 et
1364 922 1537 1009 regendum

331 1027 449 1092 ibidem
470 1027 665 1092 sufficientes
689 1031 721 1091 et
743 1027 869 1112 ydonei,
893 1032 925 1092 et
947 1049 1026 1092 onus
1049 1026 1229 1092 huiusmodi
1251 1048 1409 1092 assumere
1429 1027 1538 1092 volue-

332 1133 414 1211 rint,
445 1133 484 1197 ad
516 1132 595 1196 illud
618 1133 824 1216 deputentur,
857 1133 1012 1218 prelibata
1043 1132 1231 1198 auctoritate
1260 1132 1408 1197 statuatis
1430 1135 1464 1196 et
1484 1153 1537 1196 or·

333 1237 458 1304 dinetis.
505 1236 552 1302 Ac
574 1238 793 1303 obtinentibus
816 1261 874 1322 pro
897 1242 1039 1322 tempore
1061 1238 1161 1303 dictos
1177 1235 1387 1302 Canonicatus
1409 1240 1442 1300 et
1464 1257 1536 1319 pre·

333 1344 460 1420 bendas,
485 1341 717 1426 Cathedresque
742 1346 813 1408 actu
836 1343 1020 1429 regentibus
1043 1343 1076 1406 in
1100 1342 1306 1408 uniuersitete
1327 1341 1478 1426 predicta,
1501 1344 1539 1405 ut

335 1449 484 1534 quamdiu
500 1448 672 1514 cathedras
687 1448 773 1532 ipses
796 1447 947 1525 rexerint,
970 1447 1089 1512 diuinis
1112 1447 1146 1511 in
1169 1446 1254 1510 dicte
1276 1446 1406 1511 ecclesia
1428 1445 1458 1512 S.
1476 1445 1538 1510 Ge-

334 1555 426 1639 orgii,
450 1554 483 1617 in
508 1576 570 1637 qua
593 1557 670 1618 sunt
692 1551 857 1617 duodecim
872 1550 1018 1636 perpetui
1032 1550 1143 1614 vicarii
1162 1550 1273 1614 diuina
1294 1549 1399 1616 officie
1420 1549 1539 1615 ibidem

334 1660 483 1725 continue
505 1657 699 1723 celebrantes
725 1662 757 1722 et
779 1657 844 1721 illis
866 1656 1061 1739 insistentes,
1086 1655 1211 1720 racione
1233 1655 1485 1721 canonicatuum
1506 1660 1539 1721 et

335 1764 565 1849 prebendarum
588 1761 803 1846 predictorum
825 1763 976 1826 iuteresse
999 1782 1064 1824 uon
1086 1763 1271 1839 teneantur,
1303 1761 1366 1825 nisi
1389 1760 1539 1845 quatinus

334 1871 486 1934 iuteresse
516 1872 666 1932 tenentur
700 1866 817 1931 diuinis
850 1867 884 1930 in
912 1865 1042 1930 ecclesis
1062 1863 1093 1929 S.
1118 1863 1256 1953 Spiritus
1287 1863 1539 1952 heidelbergensi

334 1972 565 2040 wormaciensis
588 1971 739 2050 diocesis,
762 1971 863 2057 ipsius
886 1971 1014 2036 ecclesie
1035 1969 1066 2034 S.
1090 1969 1228 2054 Spiritus
1252 1968 1401 2036 Ocnoniei
1425 1972 1538 2038 Cathe-

335 2079 407 2143 dras
430 2083 575 2163 regentes
599 2077 632 2140 in
655 2075 862 2140 uniuersitate
891 2075 989 2139 studii
1018 2074 1285 2159 heidelbergensis
1306 2075 1330 2154 ¹,
1362 2077 1480 2160 absque
1503 2099 1539 2142 eo

336 2184 420 2269 quod
443 2184 478 2247 in
510 2181 594 2246 dicta
617 2180 748 2246 ecclesis
769 2179 800 2245 S.
825 2179 953 2264 Georgii
975 2179 1093 2243 diuinis
1116 2179 1279 2259 intersint,
1312 2203 1367 2246 seu
1389 2182 1540 2247 insistent

336 2288 505 2354 eorundem
524 2286 774 2352 canonicatuum
799 2290 830 2351 et
853 2285 1084 2371 prebendarum
1107 2285 1227 2350 fructus
1250 2285 1390 2350 redditus
1412 2295 1445 2350 ct
1465 2308 1539 2371 pru-

335 2399 450 2460 uentus
473 2393 571 2458 eciam
593 2415 651 2476 pro
676 2392 781 2457 tribus
804 2391 916 2476 primis
939 2391 1049 2469 cunis,
1073 2411 1130 2473 pro
1154 2390 1268 2474 quibus
1290 2391 1366 2455 noui
1388 2389 1538 2456 Canonici

336 2500 425 2564 iuxta
446 2498 546 2582 ipsius
568 2495 696 2562 ecclesie
719 2497 752 2559 in
776 2495 995 2581 Siudelfingen
1013 2493 1140 2559 Statuta
1161 2495 1265 2560 iuratc
1288 2496 1358 2560 illos
1381 2517 1445 2560 non
1468 2517 1538 2579 pcr-

336 2605 468 2688 cipiunt,
491 2603 545 2668 sed
567 2603 685 2690 purtim
709 2601 856 2666 defuncto
872 2599 1029 2665 Canonico
1052 2599 1171 2683 partim
1187 2599 1304 2664 lubrice
1319 2601 1443 2680 cedunt,
1467 2623 1538 2666 curn

335 2733 372 2775 ea
387 2709 583 2794 integritate,
609 2708 803 2792 quotidianis
818 2705 1099 2772 distributionibus
1114 2704 1281 2769 dumtaxat
1296 2705 1443 2790 exceptis,
1468 2725 1537 2788 per·

336 2815 439 2898 cipere
470 2814 596 2898 possint
625 2817 657 2877 et
679 2812 832 2890 debeant,
868 2833 939 2876 cum
969 2831 1031 2895 qua
1053 2811 1125 2874 illos
1146 2811 1344 2894 perciperent
1365 2811 1393 2874 si
1414 2810 1447 2873 in
1471 2809 1539 2894 ipsa

336 2919 466 2984 ecclesia
487 2917 518 2984 S.
544 2917 671 3004 Georgii
695 2918 813 2982 diuinis
838 2917 1048 2992 interessent,
1079 2936 1136 2979 nec
1157 2916 1196 2979 ud
1219 2915 1467 2980 interessendum
1491 2914 1538 2978 di-

336 3023 421 3087 uinis
444 3023 476 3087 in
501 3022 584 3087 dictu
606 3022 736 3086 ecclesia
756 3020 786 3086 S.
805 3021 935 3106 Georgii
958 3020 1036 3084 alias
1058 3025 1226 3084 teneantur
1249 3024 1304 3084 eut
1326 3021 1365 3089 ad
1388 3021 1420 3084 id
1442 3020 1538 3084 inuiti

337 3127 491 3192 coarctari
519 3127 665 3204 valeant,
697 3125 759 3189 nisi
790 3125 941 3209 quatinus
977 3125 1009 3187 in
1042 3125 1170 3188 ecclesia
1198 3125 1228 3189 S.
1252 3124 1391 3209 Spiritus
1419 3124 1539 3189 heidel-

337 3232 495 3316 bergensi,
519 3231 626 3296 eadem
648 3229 838 3295 nrrctoritcte
859 3229 1051 3307 concedetis,
1083 3229 1269 3313 faciatisque
1291 3231 1336 3293 eis
1358 3229 1539 3294 huiusmodi

337 3336 507 3402 eorundem
539 3336 645 3400 decem
668 3334 917 3400 Canonicutuum
948 3338 980 3397 et
1000 3334 1231 3416 prebendarum
1254 3335 1375 3400 fructus
1399 3335 1540 3399 redditus

338 3445 511 3525 prouentus
526 3444 559 3504 et
573 3440 777 3505 emolimenta
798 3461 990 3523 quecunque,
1019 3460 1080 3521 que
1095 3438 1271 3504 interesse²
1293 3440 1409 3504 diuinis
1432 3441 1466 3504 iu
1488 3461 1540 3505 ea-

338 3546 408 3610 dem
431 3546 561 3610 ecclesia
574 3547 782 3630 perciperent,
806 3545 931 3628 integre
946 3544 1131 3608 ministrari.
1164 3544 1237 3609 Non
1253 3546 1473 3627 permittentes
1488 3567 1540 3609 eos

336 3673 392 3734 per
415 3650 635 3716 Venerabilem
657 3650 801 3715 lbetrem
824 3658 968 3713 nostrum
992 3647 1183 3733 Episcopum
1205 3649 1485 3714 Gonstanciensem
1508 3655 1541 3714 ct

338 3756 468 3820 dilectos
490 3756 573 3821 filios
596 3755 679 3819 dicte
702 3755 830 3820 ecclesie
851 3753 881 3818 S.
905 3753 1034 3839 Georgii
1055 3755 1229 3838 capitulum
1251 3777 1304 3820 seu
1328 3777 1541 3838 quoscumque

338 3861 417 3925 alios
446 3860 486 3924 ad
516 3860 766 3925 interessendum
789 3860 823 3923 in
846 3860 915 3943 ipsa
935 3859 1064 3924 ecclesia
1085 3861 1231 3944 compelli
1254 3865 1309 3924 aut
1331 3860 1409 3924 alias
1431 3863 1542 3924 contre
1639 3879 1645 3888 ·

338 3964 521 4030 huiusmodi
551 3963 779 4041 concessionis,
813 3962 839 4026 si
862 3962 952 4026 illam
973 3961 1120 4042 feceritis,
1143 3968 1284 4029 tenorem
1308 3964 1542 4048 quomodolibet

337 4070 510 4134 molestari.

410 4331 422 4384 1
446 4327 867 4398 BrullenUrbansV12.Arrg.
889 4331 970 4392 1387,
997 4327 1153 4384 Bonifacius
1174 4329 1211 4385 lX
1232 4333 1272 4387 12.
1292 4329 1355 4386 Dec.
1377 4329 1461 4392 1399,
1488 4329 1542 4383 Eu·

338 4433 406 4487 gens
435 4417 475 4470 IV
503 4419 543 4471 13.
572 4417 628 4472 Mai
658 4419 725 4472 1434
749 4418 809 4472 hier
833 4436 896 4470 aum
923 4417 1002 4472 Tbeil
1027 4419 1154 4472 wtrtlich
1179 4418 1334 4473 widerholt.
1379 4419 1428 4472 Jus
1457 4419 1541 4473 Univ.

338 4503 465 4558 Heidelb.
483 4505 548 4574 (von
566 4503 710 4574 Hertling)
730 4507 804 4562 1748.
824 4505 850 4560 S.
872 4508 902 4561 11
923 4505 951 4560 ff.
1022 4507 1115 4563 2sva.
1134 4507 1332 4563 interessendo.
