<?xml version="1.0" encoding="UTF-8"?>
<!DOCTYPE html PUBLIC "-//W3C//DTD XHTML 1.0 Transitional//EN"
    "http://www.w3.org/TR/xhtml1/DTD/xhtml1-transitional.dtd">
<html xmlns="http://www.w3.org/1999/xhtml" xml:lang="en" lang="en">
 <head>
  <title>
</title>
<meta http-equiv="Content-Type" content="text/html;charset=utf-8" />
  <meta name='ocr-system' content='tesseract 3.04.00' />
  <meta name='ocr-capabilities' content='ocr_page ocr_carea ocr_par ocr_line ocrx_word'/>
</head>
<body>
  <div class='ocr_page' id='page_1' title='image "./urkundenzurgesc00tbgoog_0427.png"; bbox 0 0 3504 5322; ppageno 0'>
   <div class='ocr_carea' id='block_1_1' title="bbox 724 484 1434 548">
    <p class='ocr_par' dir='ltr' id='par_1_1' title="bbox 724 484 1434 548">
     <span class='ocr_line' id='line_1_1' title="bbox 724 484 1434 548; baseline 0.017 -11"><span class='ocrx_word' id='word_1_1' title='bbox 724 485 840 537; x_wconf 86' lang='lat' dir='ltr'>Statcta</span> <span class='ocrx_word' id='word_1_2' title='bbox 862 484 937 537; x_wconf 83' lang='lat'>1505.</span> <span class='ocrx_word' id='word_1_3' title='bbox 1370 485 1434 548; x_wconf 81' lang='grc'>413</span> 
     </span>
    </p>
   </div>
   <div class='ocr_carea' id='block_1_2' title="bbox 231 631 1435 830">
    <p class='ocr_par' dir='ltr' id='par_1_2' title="bbox 231 631 1435 830">
     <span class='ocr_line' id='line_1_2' title="bbox 231 631 1435 730; baseline -0.005 -19"><span class='ocrx_word' id='word_1_4' title='bbox 231 631 392 730; x_wconf 80' lang='lat' dir='ltr'>ternpore,</span> <span class='ocrx_word' id='word_1_5' title='bbox 428 668 489 729; x_wconf 91' lang='lat' dir='ltr'>quo</span> <span class='ocrx_word' id='word_1_6' title='bbox 519 645 573 709; x_wconf 88' lang='lat' dir='ltr'>ille</span> <span class='ocrx_word' id='word_1_7' title='bbox 602 645 658 728; x_wconf 91' lang='lat' dir='ltr'>qui</span> <span class='ocrx_word' id='word_1_8' title='bbox 691 665 754 708; x_wconf 91' lang='lat' dir='ltr'>non</span> <span class='ocrx_word' id='word_1_9' title='bbox 790 642 865 706; x_wconf 82' lang='lat' dir='ltr'>iecit</span> <span class='ocrx_word' id='word_1_10' title='bbox 895 639 1049 705; x_wconf 85' lang='lat' dir='ltr'>bursalem</span> <span class='ocrx_word' id='word_1_11' title='bbox 1082 638 1322 721; x_wconf 83' lang='lat' dir='ltr'><strong>promissionem</strong></span> <span class='ocrx_word' id='word_1_12' title='bbox 1346 663 1435 706; x_wconf 88' lang='lat' dir='ltr'>exer-</span> 
     </span>
     <span class='ocr_line' id='line_1_3' title="bbox 231 744 1434 830; baseline -0.004 -14"><span class='ocrx_word' id='word_1_13' title='bbox 231 753 309 817; x_wconf 85' lang='lat' dir='ltr'>cicia</span> <span class='ocrx_word' id='word_1_14' title='bbox 333 751 509 826; x_wconf 82' lang='lat' dir='ltr'>audicerit,</span> <span class='ocrx_word' id='word_1_15' title='bbox 542 749 761 814; x_wconf 74' lang='lat' dir='ltr'>communitati</span> <span class='ocrx_word' id='word_1_16' title='bbox 792 748 886 812; x_wconf 89' lang='lat' dir='ltr'>burse</span> <span class='ocrx_word' id='word_1_17' title='bbox 925 744 1105 830; x_wconf 88' lang='lat' dir='ltr'>applicandi</span> <span class='ocrx_word' id='word_1_18' title='bbox 1135 766 1190 828; x_wconf 89' lang='lat' dir='ltr'>per</span> <span class='ocrx_word' id='word_1_19' title='bbox 1213 744 1434 811; x_wconf 84' lang='lat' dir='ltr'>iuramentum.</span> 
     </span>
    </p>
   </div>
   <div class='ocr_carea' id='block_1_3' title="bbox 354 922 1303 1004">
    <p class='ocr_par' dir='ltr' id='par_1_3' title="bbox 354 922 1303 1004">
     <span class='ocr_line' id='line_1_4' title="bbox 354 922 1303 1004; baseline -0.006 -15"><span class='ocrx_word' id='word_1_20' title='bbox 354 926 411 990; x_wconf 92' lang='lat' dir='ltr'>De</span> <span class='ocrx_word' id='word_1_21' title='bbox 434 925 812 989; x_wconf 71' lang='lat' dir='ltr'>introducentibus</span> <span class='ocrx_word' id='word_1_22' title='bbox 835 922 1037 988; x_wconf 90' lang='lat' dir='ltr'>mulieres</span> <span class='ocrx_word' id='word_1_23' title='bbox 1065 924 1303 1004; x_wconf 86' lang='lat' dir='ltr'>suspectas.</span> 
     </span>
    </p>
   </div>
   <div class='ocr_carea' id='block_1_4' title="bbox 231 1059 1435 1780">
    <p class='ocr_par' dir='ltr' id='par_1_4' title="bbox 231 1059 1435 1448">
     <span class='ocr_line' id='line_1_5' title="bbox 318 1059 1434 1149; baseline -0.002 -21"><span class='ocrx_word' id='word_1_24' title='bbox 318 1064 398 1130; x_wconf 85' lang='lat' dir='ltr'>Item</span> <span class='ocrx_word' id='word_1_25' title='bbox 422 1064 575 1149; x_wconf 78' lang='lat' dir='ltr'>Magister</span> <span class='ocrx_word' id='word_1_26' title='bbox 606 1063 655 1128; x_wconf 83' lang='lat' dir='ltr'>vel</span> <span class='ocrx_word' id='word_1_27' title='bbox 688 1067 862 1127; x_wconf 89' lang='lat' dir='ltr'>concentor</span> <span class='ocrx_word' id='word_1_28' title='bbox 895 1059 1096 1126; x_wconf 89' lang='lat' dir='ltr'>introducens</span> <span class='ocrx_word' id='word_1_29' title='bbox 1128 1061 1344 1126; x_wconf 76' lang='lat' dir='ltr'>nicilierem</span> <span class='ocrx_word' id='word_1_30' title='bbox 1375 1085 1434 1126; x_wconf 91' lang='lat' dir='ltr'>su·</span> 
     </span>
     <span class='ocr_line' id='line_1_6' title="bbox 231 1165 1435 1254; baseline -0.004 -18"><span class='ocrx_word' id='word_1_31' title='bbox 231 1175 417 1254; x_wconf 77' lang='lat' dir='ltr'>spectum</span> <span class='ocrx_word' id='word_1_32' title='bbox 449 1171 482 1235; x_wconf 92' lang='lat' dir='ltr'>in</span> <span class='ocrx_word' id='word_1_33' title='bbox 514 1171 642 1234; x_wconf 91' lang='lat' dir='ltr'>bursam</span> <span class='ocrx_word' id='word_1_34' title='bbox 674 1168 778 1232; x_wconf 89' lang='lat' dir='ltr'>soluat</span> <span class='ocrx_word' id='word_1_35' title='bbox 801 1169 905 1252; x_wconf 88' lang='lat' dir='ltr'>prima</span> <span class='ocrx_word' id='word_1_36' title='bbox 928 1167 994 1230; x_wconf 84' lang='lat' dir='ltr'>vice</span> <span class='ocrx_word' id='word_1_37' title='bbox 1016 1166 1093 1230; x_wconf 89' lang='lat' dir='ltr'>duos</span> <span class='ocrx_word' id='word_1_38' title='bbox 1116 1165 1268 1242; x_wconf 82' lang='lat' dir='ltr'>florenos,</span> <span class='ocrx_word' id='word_1_39' title='bbox 1299 1170 1435 1232; x_wconf 86' lang='lat' dir='ltr'>secunda</span> 
     </span>
     <span class='ocr_line' id='line_1_7' title="bbox 231 1269 1435 1361; baseline -0.004 -21"><span class='ocrx_word' id='word_1_40' title='bbox 231 1277 297 1342; x_wconf 92' lang='lat' dir='ltr'>vice</span> <span class='ocrx_word' id='word_1_41' title='bbox 329 1281 465 1361; x_wconf 91' lang='lat' dir='ltr'>quatuor</span> <span class='ocrx_word' id='word_1_42' title='bbox 495 1281 526 1340; x_wconf 91' lang='lat' dir='ltr'>et</span> <span class='ocrx_word' id='word_1_43' title='bbox 556 1273 655 1339; x_wconf 90' lang='lat' dir='ltr'>tercia</span> <span class='ocrx_word' id='word_1_44' title='bbox 687 1272 753 1336; x_wconf 84' lang='lat' dir='ltr'>vice</span> <span class='ocrx_word' id='word_1_45' title='bbox 784 1269 994 1355; x_wconf 84' lang='lat' dir='ltr'>suspendatur</span> <span class='ocrx_word' id='word_1_46' title='bbox 1027 1293 1045 1334; x_wconf 87' lang='lat' dir='ltr'>a</span> <span class='ocrx_word' id='word_1_47' title='bbox 1075 1269 1221 1354; x_wconf 83' lang='lat' dir='ltr'>regensis</span> <span class='ocrx_word' id='word_1_48' title='bbox 1243 1275 1275 1334; x_wconf 88' lang='lat' dir='ltr'>et</span> <span class='ocrx_word' id='word_1_49' title='bbox 1298 1293 1317 1334; x_wconf 90' lang='lat' dir='ltr'>a</span> <span class='ocrx_word' id='word_1_50' title='bbox 1339 1271 1435 1336; x_wconf 89' lang='lat' dir='ltr'>bursa</span> 
     </span>
     <span class='ocr_line' id='line_1_8' title="bbox 231 1383 422 1448; baseline 0 -1"><span class='ocrx_word' id='word_1_51' title='bbox 231 1383 422 1448; x_wconf 78' lang='lat' dir='ltr'>excludatur.</span> 
     </span>
    </p>

    <p class='ocr_par' dir='ltr' id='par_1_5' title="bbox 233 1483 1429 1780">
     <span class='ocr_line' id='line_1_9' title="bbox 318 1483 1425 1570; baseline -0.005 -18"><span class='ocrx_word' id='word_1_52' title='bbox 318 1486 417 1570; x_wconf 89' lang='lat' dir='ltr'>Super</span> <span class='ocrx_word' id='word_1_53' title='bbox 447 1486 561 1569; x_wconf 88' lang='lat' dir='ltr'>quibus</span> <span class='ocrx_word' id='word_1_54' title='bbox 584 1485 699 1548; x_wconf 83' lang='lat' dir='ltr'>Rector</span> <span class='ocrx_word' id='word_1_55' title='bbox 731 1483 825 1546; x_wconf 88' lang='lat' dir='ltr'>bcrse</span> <span class='ocrx_word' id='word_1_56' title='bbox 858 1485 1063 1546; x_wconf 74' lang='lat' dir='ltr'>concentores</span> <span class='ocrx_word' id='word_1_57' title='bbox 1085 1485 1118 1546; x_wconf 93' lang='lat' dir='ltr'>et</span> <span class='ocrx_word' id='word_1_58' title='bbox 1140 1483 1218 1548; x_wconf 89' lang='lat' dir='ltr'>alios</span> <span class='ocrx_word' id='word_1_59' title='bbox 1247 1483 1425 1568; x_wconf 77' lang='lat' dir='ltr'>magistros,</span> 
     </span>
     <span class='ocr_line' id='line_1_10' title="bbox 233 1586 1429 1657; baseline -0.003 -1"><span class='ocrx_word' id='word_1_60' title='bbox 233 1596 265 1656; x_wconf 91' lang='lat' dir='ltr'>et</span> <span class='ocrx_word' id='word_1_61' title='bbox 297 1595 503 1657; x_wconf 88' lang='lat' dir='ltr'>concentores</span> <span class='ocrx_word' id='word_1_62' title='bbox 537 1593 692 1654; x_wconf 89' lang='lat' dir='ltr'>rectorem</span> <span class='ocrx_word' id='word_1_63' title='bbox 722 1588 815 1653; x_wconf 90' lang='lat' dir='ltr'>bcrse</span> <span class='ocrx_word' id='word_1_64' title='bbox 836 1586 962 1651; x_wconf 88' lang='lat' dir='ltr'>Rectori</span> <span class='ocrx_word' id='word_1_65' title='bbox 992 1588 1207 1652; x_wconf 78' lang='lat' dir='ltr'>uniuersitatis</span> <span class='ocrx_word' id='word_1_66' title='bbox 1238 1589 1296 1652; x_wconf 90' lang='lat' dir='ltr'>sub</span> <span class='ocrx_word' id='word_1_67' title='bbox 1324 1590 1429 1654; x_wconf 86' lang='lat' dir='ltr'>debito</span> 
     </span>
     <span class='ocr_line' id='line_1_11' title="bbox 235 1692 919 1780; baseline -0.007 -19"><span class='ocrx_word' id='word_1_68' title='bbox 235 1697 362 1780; x_wconf 90' lang='lat' dir='ltr'>prestiti</span> <span class='ocrx_word' id='word_1_69' title='bbox 385 1696 554 1760; x_wconf 89' lang='lat' dir='ltr'>iuramenti</span> <span class='ocrx_word' id='word_1_70' title='bbox 578 1694 770 1760; x_wconf 82' lang='lat' dir='ltr'>denunciare</span> <span class='ocrx_word' id='word_1_71' title='bbox 796 1692 919 1758; x_wconf 87' lang='lat' dir='ltr'>debent.</span> 
     </span>
    </p>
   </div>
   <div class='ocr_carea' id='block_1_5' title="bbox 619 1868 1046 1934">
    <p class='ocr_par' dir='ltr' id='par_1_6' title="bbox 619 1868 1046 1934">
     <span class='ocr_line' id='line_1_12' title="bbox 619 1868 1046 1934; baseline -0.007 0"><span class='ocrx_word' id='word_1_72' title='bbox 619 1869 674 1934; x_wconf 92' lang='lat' dir='ltr'>De</span> <span class='ocrx_word' id='word_1_73' title='bbox 704 1868 1046 1934; x_wconf 79' lang='lat' dir='ltr'>concentoribus.</span> 
     </span>
    </p>
   </div>
   <div class='ocr_carea' id='block_1_6' title="bbox 232 2009 1436 2831">
    <p class='ocr_par' dir='ltr' id='par_1_7' title="bbox 235 2009 1436 2412">
     <span class='ocr_line' id='line_1_13' title="bbox 323 2009 1435 2094; baseline 0.002 -18"><span class='ocrx_word' id='word_1_74' title='bbox 323 2011 535 2076; x_wconf 83' lang='lat' dir='ltr'>Conuentores</span> <span class='ocrx_word' id='word_1_75' title='bbox 558 2012 616 2076; x_wconf 76' lang='lat' dir='ltr'>acb</span> <span class='ocrx_word' id='word_1_76' title='bbox 638 2032 720 2094; x_wconf 89' lang='lat' dir='ltr'>pena</span> <span class='ocrx_word' id='word_1_77' title='bbox 743 2014 878 2093; x_wconf 92' lang='lat' dir='ltr'>quatuor</span> <span class='ocrx_word' id='word_1_78' title='bbox 899 2015 922 2094; x_wconf 68' lang='grc' dir='ltr'><em>β</em></span> <span class='ocrx_word' id='word_1_79' title='bbox 945 2033 963 2073; x_wconf 90' lang='lat' dir='ltr'>a</span> <span class='ocrx_word' id='word_1_80' title='bbox 986 2009 1138 2094; x_wconf 86' lang='lat' dir='ltr'>singolis,</span> <span class='ocrx_word' id='word_1_81' title='bbox 1163 2010 1217 2094; x_wconf 91' lang='lat' dir='ltr'>qui</span> <span class='ocrx_word' id='word_1_82' title='bbox 1240 2011 1372 2076; x_wconf 87' lang='lat' dir='ltr'>scolares</span> <span class='ocrx_word' id='word_1_83' title='bbox 1396 2014 1435 2078; x_wconf 88' lang='lat' dir='ltr'>ad</span> 
     </span>
     <span class='ocr_line' id='line_1_14' title="bbox 235 2115 1436 2200; baseline 0.002 -19"><span class='ocrx_word' id='word_1_84' title='bbox 235 2117 362 2182; x_wconf 86' lang='lat' dir='ltr'>bursam</span> <span class='ocrx_word' id='word_1_85' title='bbox 386 2139 475 2182; x_wconf 88' lang='lat' dir='ltr'>scam</span> <span class='ocrx_word' id='word_1_86' title='bbox 498 2116 674 2193; x_wconf 86' lang='lat' dir='ltr'>adducunt,</span> <span class='ocrx_word' id='word_1_87' title='bbox 706 2116 865 2200; x_wconf 89' lang='lat' dir='ltr'>inquirere</span> <span class='ocrx_word' id='word_1_88' title='bbox 887 2115 1021 2192; x_wconf 81' lang='lat' dir='ltr'>debent,</span> <span class='ocrx_word' id='word_1_89' title='bbox 1044 2136 1126 2178; x_wconf 88' lang='lat' dir='ltr'>anne</span> <span class='ocrx_word' id='word_1_90' title='bbox 1148 2115 1209 2198; x_wconf 90' lang='lat' dir='ltr'>ipsi</span> <span class='ocrx_word' id='word_1_91' title='bbox 1231 2122 1436 2183; x_wconf 81' lang='lat' dir='ltr'>concentores</span> 
     </span>
     <span class='ocr_line' id='line_1_15' title="bbox 238 2221 1435 2306; baseline 0.001 -20"><span class='ocrx_word' id='word_1_92' title='bbox 238 2221 417 2304; x_wconf 84' lang='lat' dir='ltr'>hujusmodi</span> <span class='ocrx_word' id='word_1_93' title='bbox 441 2222 569 2287; x_wconf 89' lang='lat' dir='ltr'>illorum</span> <span class='ocrx_word' id='word_1_94' title='bbox 593 2223 823 2306; x_wconf 80' lang='lat' dir='ltr'>peccunias</span> <span class='ocrx_word' id='word_1_95' title='bbox 854 2244 911 2305; x_wconf 92' lang='lat' dir='ltr'>pro</span> <span class='ocrx_word' id='word_1_96' title='bbox 940 2243 1050 2286; x_wconf 90' lang='lat' dir='ltr'>eorum</span> <span class='ocrx_word' id='word_1_97' title='bbox 1072 2243 1131 2284; x_wconf 91' lang='lat' dir='ltr'>csu</span> <span class='ocrx_word' id='word_1_98' title='bbox 1155 2243 1277 2286; x_wconf 86' lang='lat' dir='ltr'>servare</span> <span class='ocrx_word' id='word_1_99' title='bbox 1300 2223 1435 2287; x_wconf 86' lang='lat' dir='ltr'>debeant</span> 
     </span>
     <span class='ocr_line' id='line_1_16' title="bbox 235 2326 1143 2412; baseline -0.002 -20"><span class='ocrx_word' id='word_1_100' title='bbox 235 2331 291 2392; x_wconf 86' lang='lat' dir='ltr'>aut</span> <span class='ocrx_word' id='word_1_101' title='bbox 311 2328 372 2412; x_wconf 89' lang='lat' dir='ltr'>ipsi</span> <span class='ocrx_word' id='word_1_102' title='bbox 394 2327 511 2392; x_wconf 80' lang='lat' dir='ltr'>novelli</span> <span class='ocrx_word' id='word_1_103' title='bbox 533 2329 657 2392; x_wconf 89' lang='lat' dir='ltr'>casdem</span> <span class='ocrx_word' id='word_1_104' title='bbox 683 2329 714 2392; x_wconf 92' lang='lat' dir='ltr'>in</span> <span class='ocrx_word' id='word_1_105' title='bbox 738 2350 794 2391; x_wconf 86' lang='lat' dir='ltr'>sca</span> <span class='ocrx_word' id='word_1_106' title='bbox 816 2330 972 2410; x_wconf 73' lang='lat' dir='ltr'>potestate</span> <span class='ocrx_word' id='word_1_107' title='bbox 998 2326 1143 2390; x_wconf 89' lang='lat' dir='ltr'>retinere.</span> 
     </span>
    </p>

    <p class='ocr_par' dir='ltr' id='par_1_8' title="bbox 232 2431 1433 2831">
     <span class='ocr_line' id='line_1_17' title="bbox 319 2431 1431 2518; baseline 0.002 -22"><span class='ocrx_word' id='word_1_108' title='bbox 319 2431 401 2496; x_wconf 85' lang='lat' dir='ltr'>Item</span> <span class='ocrx_word' id='word_1_109' title='bbox 429 2433 538 2497; x_wconf 89' lang='lat' dir='ltr'>nullus</span> <span class='ocrx_word' id='word_1_110' title='bbox 565 2434 790 2518; x_wconf 88' lang='lat' dir='ltr'>magistrorum</span> <span class='ocrx_word' id='word_1_111' title='bbox 825 2431 884 2496; x_wconf 90' lang='lat' dir='ltr'>sub</span> <span class='ocrx_word' id='word_1_112' title='bbox 918 2431 1022 2496; x_wconf 90' lang='lat' dir='ltr'>debito</span> <span class='ocrx_word' id='word_1_113' title='bbox 1056 2431 1180 2515; x_wconf 88' lang='lat' dir='ltr'>prestiti</span> <span class='ocrx_word' id='word_1_114' title='bbox 1208 2432 1376 2497; x_wconf 85' lang='lat' dir='ltr'>iuramenti</span> <span class='ocrx_word' id='word_1_115' title='bbox 1412 2457 1431 2498; x_wconf 92' lang='lat' dir='ltr'>a</span> 
     </span>
     <span class='ocr_line' id='line_1_18' title="bbox 232 2537 1429 2622; baseline 0 -20"><span class='ocrx_word' id='word_1_116' title='bbox 232 2537 404 2603; x_wconf 91' lang='lat' dir='ltr'>scolaribus</span> <span class='ocrx_word' id='word_1_117' title='bbox 428 2561 485 2622; x_wconf 91' lang='lat' dir='ltr'>pro</span> <span class='ocrx_word' id='word_1_118' title='bbox 507 2539 776 2622; x_wconf 89' lang='lat' dir='ltr'>resumptionibcs</span> <span class='ocrx_word' id='word_1_119' title='bbox 808 2539 852 2601; x_wconf 90' lang='lat' dir='ltr'>eis</span> <span class='ocrx_word' id='word_1_120' title='bbox 882 2538 974 2602; x_wconf 86' lang='lat' dir='ltr'>iactis</span> <span class='ocrx_word' id='word_1_121' title='bbox 1003 2538 1074 2620; x_wconf 92' lang='lat' dir='ltr'>plus</span> <span class='ocrx_word' id='word_1_122' title='bbox 1100 2537 1236 2620; x_wconf 89' lang='lat' dir='ltr'>recipere</span> <span class='ocrx_word' id='word_1_123' title='bbox 1266 2542 1429 2620; x_wconf 87' lang='lat' dir='ltr'>presumat</span> 
     </span>
     <span class='ocr_line' id='line_1_19' title="bbox 233 2642 1433 2728; baseline 0.001 -21"><span class='ocrx_word' id='word_1_124' title='bbox 233 2666 328 2726; x_wconf 89' lang='lat' dir='ltr'>quam</span> <span class='ocrx_word' id='word_1_125' title='bbox 359 2644 397 2708; x_wconf 88' lang='lat' dir='ltr'>de</span> <span class='ocrx_word' id='word_1_126' title='bbox 428 2642 487 2707; x_wconf 92' lang='lat' dir='ltr'>hoc</span> <span class='ocrx_word' id='word_1_127' title='bbox 518 2644 576 2709; x_wconf 87' lang='lat' dir='ltr'>sub</span> <span class='ocrx_word' id='word_1_128' title='bbox 606 2645 702 2710; x_wconf 90' lang='lat' dir='ltr'>titulo</span> <span class='ocrx_word' id='word_1_129' title='bbox 732 2645 770 2708; x_wconf 89' lang='lat' dir='ltr'>de</span> <span class='ocrx_word' id='word_1_130' title='bbox 801 2642 1196 2728; x_wconf 89' lang='lat' dir='ltr'>resumptionibcs¹</span> <span class='ocrx_word' id='word_1_131' title='bbox 1229 2647 1355 2708; x_wconf 90' lang='lat' dir='ltr'>cautum</span> <span class='ocrx_word' id='word_1_132' title='bbox 1384 2667 1433 2708; x_wconf 90' lang='lat' dir='ltr'>re-</span> 
     </span>
     <span class='ocr_line' id='line_1_20' title="bbox 232 2749 363 2831; baseline 0 -19"><span class='ocrx_word' id='word_1_133' title='bbox 232 2749 363 2831; x_wconf 88' lang='lat' dir='ltr'>peritur.</span> 
     </span>
    </p>
   </div>
   <div class='ocr_carea' id='block_1_7' title="bbox 427 2924 1233 2990">
    <p class='ocr_par' dir='ltr' id='par_1_9' title="bbox 427 2924 1233 2990">
     <span class='ocr_line' id='line_1_21' title="bbox 427 2924 1233 2990; baseline 0 -2"><span class='ocrx_word' id='word_1_134' title='bbox 427 2924 480 2990; x_wconf 92' lang='lat' dir='ltr'>De</span> <span class='ocrx_word' id='word_1_135' title='bbox 502 2930 665 2990; x_wconf 90' lang='lat' dir='ltr'>rectore</span> <span class='ocrx_word' id='word_1_136' title='bbox 688 2925 811 2990; x_wconf 89' lang='lat' dir='ltr'>burse</span> <span class='ocrx_word' id='word_1_137' title='bbox 833 2927 871 2988; x_wconf 91' lang='lat' dir='ltr'>et</span> <span class='ocrx_word' id='word_1_138' title='bbox 893 2924 1233 2988; x_wconf 77' lang='lat' dir='ltr'>concentoribus</span> 
     </span>
    </p>
   </div>
   <div class='ocr_carea' id='block_1_8' title="bbox 232 3063 1435 4414">
    <p class='ocr_par' dir='ltr' id='par_1_10' title="bbox 232 3063 1435 4184">
     <span class='ocr_line' id='line_1_22' title="bbox 319 3063 1435 3152; baseline 0.003 -24"><span class='ocrx_word' id='word_1_139' title='bbox 319 3063 443 3129; x_wconf 88' lang='lat' dir='ltr'>Habeat</span> <span class='ocrx_word' id='word_1_140' title='bbox 466 3065 596 3150; x_wconf 89' lang='lat' dir='ltr'>insuper</span> <span class='ocrx_word' id='word_1_141' title='bbox 611 3067 726 3132; x_wconf 86' lang='lat' dir='ltr'>Rector</span> <span class='ocrx_word' id='word_1_142' title='bbox 750 3067 842 3130; x_wconf 90' lang='lat' dir='ltr'>bcrse</span> <span class='ocrx_word' id='word_1_143' title='bbox 864 3087 1001 3130; x_wconf 89' lang='lat' dir='ltr'>curam</span> <span class='ocrx_word' id='word_1_144' title='bbox 1023 3065 1178 3146; x_wconf 83' lang='lat' dir='ltr'>domus,</span> <span class='ocrx_word' id='word_1_145' title='bbox 1200 3067 1293 3152; x_wconf 83' lang='lat' dir='ltr'>ligna</span> <span class='ocrx_word' id='word_1_146' title='bbox 1316 3072 1347 3131; x_wconf 91' lang='lat' dir='ltr'>et</span> <span class='ocrx_word' id='word_1_147' title='bbox 1372 3067 1435 3132; x_wconf 89' lang='lat' dir='ltr'>alia</span> 
     </span>
     <span class='ocr_line' id='line_1_23' title="bbox 233 3169 1433 3256; baseline 0 -22"><span class='ocrx_word' id='word_1_148' title='bbox 233 3169 339 3234; x_wconf 91' lang='lat' dir='ltr'>domui</span> <span class='ocrx_word' id='word_1_149' title='bbox 359 3171 532 3236; x_wconf 84' lang='lat' dir='ltr'>necessaria</span> <span class='ocrx_word' id='word_1_150' title='bbox 554 3171 750 3256; x_wconf 90' lang='lat' dir='ltr'>temporibus</span> <span class='ocrx_word' id='word_1_151' title='bbox 773 3172 921 3256; x_wconf 84' lang='lat' dir='ltr'>congruis</span> <span class='ocrx_word' id='word_1_152' title='bbox 936 3170 1071 3235; x_wconf 91' lang='lat' dir='ltr'>fideliter</span> <span class='ocrx_word' id='word_1_153' title='bbox 1087 3175 1244 3255; x_wconf 82' lang='lat' dir='ltr'>procuret,</span> <span class='ocrx_word' id='word_1_154' title='bbox 1269 3172 1314 3235; x_wconf 90' lang='lat' dir='ltr'>nil</span> <span class='ocrx_word' id='word_1_155' title='bbox 1339 3173 1433 3236; x_wconf 90' lang='lat' dir='ltr'>hcics</span> 
     </span>
     <span class='ocr_line' id='line_1_24' title="bbox 233 3274 1435 3359; baseline 0.003 -22"><span class='ocrx_word' id='word_1_156' title='bbox 233 3275 353 3341; x_wconf 89' lang='lat' dir='ltr'>intuitu</span> <span class='ocrx_word' id='word_1_157' title='bbox 386 3274 448 3339; x_wconf 89' lang='lat' dir='ltr'>sibi</span> <span class='ocrx_word' id='word_1_158' title='bbox 476 3277 674 3359; x_wconf 77' lang='lat' dir='ltr'>usurpando,</span> <span class='ocrx_word' id='word_1_159' title='bbox 709 3277 837 3340; x_wconf 90' lang='lat' dir='ltr'>bursam</span> <span class='ocrx_word' id='word_1_160' title='bbox 868 3275 964 3339; x_wconf 90' lang='lat' dir='ltr'>etiam</span> <span class='ocrx_word' id='word_1_161' title='bbox 996 3274 1099 3339; x_wconf 89' lang='lat' dir='ltr'>claudi</span> <span class='ocrx_word' id='word_1_162' title='bbox 1132 3275 1297 3358; x_wconf 84' lang='lat' dir='ltr'>disponat,</span> <span class='ocrx_word' id='word_1_163' title='bbox 1331 3277 1435 3342; x_wconf 88' lang='lat' dir='ltr'>claues</span> 
     </span>
     <span class='ocr_line' id='line_1_25' title="bbox 232 3379 1434 3464; baseline 0.003 -22"><span class='ocrx_word' id='word_1_164' title='bbox 232 3379 316 3464; x_wconf 86' lang='lat' dir='ltr'>apud</span> <span class='ocrx_word' id='word_1_165' title='bbox 346 3401 379 3444; x_wconf 91' lang='lat' dir='ltr'>se</span> <span class='ocrx_word' id='word_1_166' title='bbox 408 3381 458 3444; x_wconf 87' lang='lat' dir='ltr'>vel</span> <span class='ocrx_word' id='word_1_167' title='bbox 491 3381 589 3444; x_wconf 88' lang='lat' dir='ltr'>alium</span> <span class='ocrx_word' id='word_1_168' title='bbox 621 3381 744 3446; x_wconf 91' lang='lat' dir='ltr'>fidelem</span> <span class='ocrx_word' id='word_1_169' title='bbox 777 3381 916 3445; x_wconf 90' lang='lat' dir='ltr'>iuratum</span> <span class='ocrx_word' id='word_1_170' title='bbox 944 3383 1068 3456; x_wconf 76' lang='lat' dir='ltr'>teneat,</span> <span class='ocrx_word' id='word_1_171' title='bbox 1101 3382 1138 3444; x_wconf 92' lang='lat' dir='ltr'>ut</span> <span class='ocrx_word' id='word_1_172' title='bbox 1166 3403 1263 3464; x_wconf 87' lang='lat' dir='ltr'>supra</span> <span class='ocrx_word' id='word_1_173' title='bbox 1291 3380 1434 3446; x_wconf 87' lang='lat' dir='ltr'>habetur.</span> 
     </span>
     <span class='ocr_line' id='line_1_26' title="bbox 232 3483 1434 3571; baseline 0.002 -24"><span class='ocrx_word' id='word_1_174' title='bbox 232 3483 384 3550; x_wconf 79' lang='lat' dir='ltr'>Excessus</span> <span class='ocrx_word' id='word_1_175' title='bbox 408 3487 497 3550; x_wconf 86' lang='lat' dir='ltr'>iuxta</span> <span class='ocrx_word' id='word_1_176' title='bbox 520 3489 641 3550; x_wconf 87' lang='lat' dir='ltr'>statuta</span> <span class='ocrx_word' id='word_1_177' title='bbox 663 3485 803 3571; x_wconf 88' lang='lat' dir='ltr'>corrigat</span> <span class='ocrx_word' id='word_1_178' title='bbox 826 3490 858 3550; x_wconf 91' lang='lat' dir='ltr'>et</span> <span class='ocrx_word' id='word_1_179' title='bbox 881 3485 1046 3570; x_wconf 81' lang='lat' dir='ltr'>supposita</span> <span class='ocrx_word' id='word_1_180' title='bbox 1070 3508 1135 3550; x_wconf 89' lang='lat' dir='ltr'>non</span> <span class='ocrx_word' id='word_1_181' title='bbox 1150 3486 1346 3571; x_wconf 82' lang='lat' dir='ltr'>corrigibilia</span> <span class='ocrx_word' id='word_1_182' title='bbox 1364 3491 1434 3550; x_wconf 86' lang='lat' dir='ltr'>tan·</span> 
     </span>
     <span class='ocr_line' id='line_1_27' title="bbox 233 3589 1434 3675; baseline 0.002 -23"><span class='ocrx_word' id='word_1_183' title='bbox 233 3589 304 3652; x_wconf 89' lang='lat' dir='ltr'>dem</span> <span class='ocrx_word' id='word_1_184' title='bbox 328 3613 345 3653; x_wconf 90' lang='lat' dir='ltr'>a</span> <span class='ocrx_word' id='word_1_185' title='bbox 369 3592 539 3656; x_wconf 87' lang='lat' dir='ltr'>scolarium</span> <span class='ocrx_word' id='word_1_186' title='bbox 555 3593 712 3656; x_wconf 84' lang='lat' dir='ltr'>consortio</span> <span class='ocrx_word' id='word_1_187' title='bbox 728 3593 881 3669; x_wconf 83' lang='lat' dir='ltr'>excludat,</span> <span class='ocrx_word' id='word_1_188' title='bbox 906 3592 1030 3675; x_wconf 90' lang='lat' dir='ltr'>sibique</span> <span class='ocrx_word' id='word_1_189' title='bbox 1045 3591 1223 3675; x_wconf 76' lang='lat' dir='ltr'>specialiter</span> <span class='ocrx_word' id='word_1_190' title='bbox 1240 3592 1434 3668; x_wconf 85' lang='lat' dir='ltr'>commissos,</span> 
     </span>
     <span class='ocr_line' id='line_1_28' title="bbox 235 3695 1435 3782; baseline 0.003 -25"><span class='ocrx_word' id='word_1_191' title='bbox 235 3695 262 3758; x_wconf 89' lang='lat' dir='ltr'>si</span> <span class='ocrx_word' id='word_1_192' title='bbox 286 3697 324 3759; x_wconf 91' lang='lat' dir='ltr'>ad</span> <span class='ocrx_word' id='word_1_193' title='bbox 347 3697 486 3762; x_wconf 90' lang='lat' dir='ltr'>studium</span> <span class='ocrx_word' id='word_1_194' title='bbox 510 3703 541 3761; x_wconf 89' lang='lat' dir='ltr'>et</span> <span class='ocrx_word' id='word_1_195' title='bbox 574 3697 772 3782; x_wconf 90' lang='lat' dir='ltr'>disciplinam</span> <span class='ocrx_word' id='word_1_196' title='bbox 803 3697 930 3762; x_wconf 76' lang='lat' dir='ltr'>inutiles</span> <span class='ocrx_word' id='word_1_197' title='bbox 960 3697 1142 3775; x_wconf 82' lang='lat' dir='ltr'>videantur,</span> <span class='ocrx_word' id='word_1_198' title='bbox 1175 3697 1435 3780; x_wconf 90' lang='lat' dir='ltr'>superintenden-</span> 
     </span>
     <span class='ocr_line' id='line_1_29' title="bbox 233 3800 1434 3886; baseline 0.003 -24"><span class='ocrx_word' id='word_1_199' title='bbox 233 3800 318 3864; x_wconf 91' lang='lat' dir='ltr'>tibcs</span> <span class='ocrx_word' id='word_1_200' title='bbox 342 3801 517 3866; x_wconf 91' lang='lat' dir='ltr'>denunciet.</span> <span class='ocrx_word' id='word_1_201' title='bbox 559 3802 731 3886; x_wconf 89' lang='lat' dir='ltr'>Magistros</span> <span class='ocrx_word' id='word_1_202' title='bbox 755 3801 890 3885; x_wconf 89' lang='lat' dir='ltr'>denique</span> <span class='ocrx_word' id='word_1_203' title='bbox 912 3801 1129 3865; x_wconf 88' lang='lat' dir='ltr'>cohabitantes</span> <span class='ocrx_word' id='word_1_204' title='bbox 1153 3802 1283 3865; x_wconf 90' lang='lat' dir='ltr'>honeste</span> <span class='ocrx_word' id='word_1_205' title='bbox 1306 3805 1434 3879; x_wconf 84' lang='lat' dir='ltr'>tractet,</span> 
     </span>
     <span class='ocr_line' id='line_1_30' title="bbox 233 3904 1431 3992; baseline 0.004 -25"><span class='ocrx_word' id='word_1_206' title='bbox 233 3904 303 3968; x_wconf 91' lang='lat' dir='ltr'>odio</span> <span class='ocrx_word' id='word_1_207' title='bbox 327 3909 359 3970; x_wconf 87' lang='lat' dir='ltr'>et</span> <span class='ocrx_word' id='word_1_208' title='bbox 379 3929 485 3971; x_wconf 90' lang='lat' dir='ltr'>amore</span> <span class='ocrx_word' id='word_1_209' title='bbox 507 3908 644 3973; x_wconf 89' lang='lat' dir='ltr'>seclusis.</span> <span class='ocrx_word' id='word_1_210' title='bbox 683 3907 722 3971; x_wconf 92' lang='lat' dir='ltr'>In</span> <span class='ocrx_word' id='word_1_211' title='bbox 741 3907 854 3992; x_wconf 89' lang='lat' dir='ltr'>quibus</span> <span class='ocrx_word' id='word_1_212' title='bbox 877 3907 1024 3971; x_wconf 87' lang='lat' dir='ltr'>omnibus</span> <span class='ocrx_word' id='word_1_213' title='bbox 1047 3907 1074 3970; x_wconf 91' lang='lat' dir='ltr'>si</span> <span class='ocrx_word' id='word_1_214' title='bbox 1098 3906 1265 3992; x_wconf 85' lang='lat' dir='ltr'>negligens</span> <span class='ocrx_word' id='word_1_215' title='bbox 1290 3913 1431 3991; x_wconf 90' lang='lat' dir='ltr'>repertus</span> 
     </span>
     <span class='ocr_line' id='line_1_31' title="bbox 232 4008 1433 4096; baseline 0.004 -24"><span class='ocrx_word' id='word_1_216' title='bbox 232 4008 345 4088; x_wconf 77' lang='lat' dir='ltr'>luent,</span> <span class='ocrx_word' id='word_1_217' title='bbox 371 4011 403 4074; x_wconf 91' lang='lat' dir='ltr'>in</span> <span class='ocrx_word' id='word_1_218' title='bbox 427 4034 488 4076; x_wconf 80' lang='lat' dir='ltr'>vno</span> <span class='ocrx_word' id='word_1_219' title='bbox 511 4013 630 4078; x_wconf 90' lang='lat' dir='ltr'>floreno</span> <span class='ocrx_word' id='word_1_220' title='bbox 653 4013 774 4077; x_wconf 90' lang='lat' dir='ltr'>tociens</span> <span class='ocrx_word' id='word_1_221' title='bbox 798 4013 947 4096; x_wconf 91' lang='lat' dir='ltr'>quociens</span> <span class='ocrx_word' id='word_1_222' title='bbox 971 4012 1158 4090; x_wconf 86' lang='lat' dir='ltr'>mulctetur,</span> <span class='ocrx_word' id='word_1_223' title='bbox 1193 4013 1381 4096; x_wconf 91' lang='lat' dir='ltr'>tandemque</span> <span class='ocrx_word' id='word_1_224' title='bbox 1405 4013 1433 4077; x_wconf 92' lang='lat' dir='ltr'>si</span> 
     </span>
     <span class='ocr_line' id='line_1_32' title="bbox 232 4118 967 4184; baseline 0.008 -8"><span class='ocrx_word' id='word_1_225' title='bbox 232 4135 265 4176; x_wconf 92' lang='lat' dir='ltr'>se</span> <span class='ocrx_word' id='word_1_226' title='bbox 289 4137 351 4180; x_wconf 92' lang='lat' dir='ltr'>non</span> <span class='ocrx_word' id='word_1_227' title='bbox 375 4118 588 4184; x_wconf 88' lang='lat' dir='ltr'>emendauerit</span> <span class='ocrx_word' id='word_1_228' title='bbox 610 4143 629 4182; x_wconf 88' lang='lat' dir='ltr'>a</span> <span class='ocrx_word' id='word_1_229' title='bbox 652 4119 748 4183; x_wconf 85' lang='lat' dir='ltr'>bursa</span> <span class='ocrx_word' id='word_1_230' title='bbox 775 4119 967 4184; x_wconf 85' lang='lat' dir='ltr'>excludetur.</span> 
     </span>
    </p>

    <p class='ocr_par' dir='ltr' id='par_1_11' title="bbox 232 4219 1433 4414">
     <span class='ocr_line' id='line_1_33' title="bbox 319 4219 1433 4307; baseline 0.004 -23"><span class='ocrx_word' id='word_1_231' title='bbox 319 4219 400 4285; x_wconf 92' lang='lat' dir='ltr'>Item</span> <span class='ocrx_word' id='word_1_232' title='bbox 429 4228 635 4288; x_wconf 88' lang='lat' dir='ltr'>concentores</span> <span class='ocrx_word' id='word_1_233' title='bbox 667 4225 899 4289; x_wconf 79' lang='lat' dir='ltr'>intrOItnm</span> <span class='ocrx_word' id='word_1_234' title='bbox 923 4229 954 4288; x_wconf 93' lang='lat' dir='ltr'>et</span> <span class='ocrx_word' id='word_1_235' title='bbox 978 4224 1139 4288; x_wconf 80' lang='lat' dir='ltr'>exitum</span> <span class='ocrx_word' id='word_1_236' title='bbox 1174 4223 1371 4307; x_wconf 86' lang='lat' dir='ltr'>singulorum</span> <span class='ocrx_word' id='word_1_237' title='bbox 1395 4222 1433 4288; x_wconf 90' lang='lat' dir='ltr'>de</span> 
     </span>
     <span class='ocr_line' id='line_1_34' title="bbox 232 4326 1432 4414; baseline 0.006 -27"><span class='ocrx_word' id='word_1_238' title='bbox 232 4326 327 4389; x_wconf 88' lang='lat' dir='ltr'>bursa</span> <span class='ocrx_word' id='word_1_239' title='bbox 349 4326 493 4410; x_wconf 75' lang='lat' dir='ltr'>signent,</span> <span class='ocrx_word' id='word_1_240' title='bbox 527 4351 656 4394; x_wconf 90' lang='lat' dir='ltr'>censum</span> <span class='ocrx_word' id='word_1_241' title='bbox 687 4353 723 4396; x_wconf 90' lang='lat' dir='ltr'>ea</span> <span class='ocrx_word' id='word_1_242' title='bbox 753 4352 823 4394; x_wconf 91' lang='lat' dir='ltr'>cum</span> <span class='ocrx_word' id='word_1_243' title='bbox 853 4331 1020 4414; x_wconf 86' lang='lat' dir='ltr'>diligentia</span> <span class='ocrx_word' id='word_1_244' title='bbox 1050 4328 1223 4413; x_wconf 78' lang='lat' dir='ltr'>colligant,</span> <span class='ocrx_word' id='word_1_245' title='bbox 1256 4351 1319 4412; x_wconf 91' lang='lat' dir='ltr'>qca</span> <span class='ocrx_word' id='word_1_246' title='bbox 1341 4351 1432 4394; x_wconf 89' lang='lat' dir='ltr'>suum</span> 
     </span>
    </p>
   </div>
   <div class='ocr_carea' id='block_1_9' title="bbox 234 4473 436 4482">
    <p class='ocr_par' dir='ltr' id='par_1_12' title="bbox 234 4473 436 4482">
     <span class='ocr_line' id='line_1_35' title="bbox 234 4473 436 4482; baseline 0 -2"><span class='ocrx_word' id='word_1_247' title='bbox 234 4473 436 4482; x_wconf 76' lang='lat'><em>—-——-—.-—.—</em></span> 
     </span>
    </p>
   </div>
   <div class='ocr_carea' id='block_1_10' title="bbox 304 4553 571 4614">
    <p class='ocr_par' dir='ltr' id='par_1_13' title="bbox 304 4553 571 4614">
     <span class='ocr_line' id='line_1_36' title="bbox 304 4553 571 4614; baseline 0.019 -6"><span class='ocrx_word' id='word_1_248' title='bbox 304 4553 317 4608; x_wconf 95' lang='lat' dir='ltr'>l</span> <span class='ocrx_word' id='word_1_249' title='bbox 338 4571 359 4608; x_wconf 86' lang='lat' dir='ltr'>s.</span> <span class='ocrx_word' id='word_1_250' title='bbox 377 4553 449 4610; x_wconf 89' lang='lat' dir='ltr'>oben</span> <span class='ocrx_word' id='word_1_251' title='bbox 467 4555 492 4611; x_wconf 85' lang='lat' dir='ltr'>S.</span> <span class='ocrx_word' id='word_1_252' title='bbox 510 4555 571 4614; x_wconf 79' lang='lat'>347.</span> 
     </span>
    </p>
   </div>
   <div class='ocr_carea' id='block_1_11' title="bbox 0 0 1758 5322">
    <p class='ocr_par' dir='ltr' id='par_1_14' title="bbox 0 0 1758 5322">
     <span class='ocr_line' id='line_1_37' title="bbox 0 0 1758 5322; baseline 0 0"><span class='ocrx_word' id='word_1_253' title='bbox 0 0 1758 5322; x_wconf 95' lang='lat' dir='ltr'> </span> 
     </span>
    </p>
   </div>
  </div>
 </body>
</html>
