3462 5320
324 474 387 538 262
765 471 897 526 Famltas
916 470 1082 542 theologica.

411 630 547 716 Insuper
561 632 722 697 ordinauit
738 631 872 698 facultas
889 630 973 715 quod
996 631 1287 696 doctorandus
1310 631 1345 696 in
1368 631 1533 718 theologia

325 736 398 804 dare
420 735 533 801 debeat
563 741 595 802 et
617 740 765 802 teneatur
797 737 831 801 in
854 740 925 802 ectu
948 736 1100 801 doctorali
1131 737 1300 821 unicuique
1330 737 1532 821 sequentium

325 863 423 908 vuum
446 841 656 906 birretum
680 844 860 925 competens
883 844 915 904 et
937 839 1122 916 honestum,
1145 841 1292 906 uidelicet
1313 841 1441 907 domino
1462 863 1532 907 reo-

326 945 389 1008 tori
412 944 636 1022 uniuersitatis,
661 945 788 1009 domino
812 943 1015 1020 cancellario,
1038 944 1175 1029 singulis
1199 945 1380 1011 doctoribus
1401 946 1436 1011 in
1458 949 1531 1010 vni-

326 1049 477 1113 ueraitate
499 1050 691 1134 regentibus,
715 1071 864 1114 unacum
887 1069 949 1112 vno
972 1071 1047 1133 pare
1071 1049 1406 1132 cyrothecerum
1429 1053 1532 1116 cerui-

327 1175 450 1218 narum.
507 1153 589 1217 ltem
621 1154 789 1219 comitibus
821 1151 993 1217 baronibus
1017 1153 1191 1237 ceterisque
1213 1176 1270 1237 per
1291 1154 1533 1222 uniuersitatem

327 1257 483 1342 singulari
506 1258 629 1324 decreto
653 1257 687 1322 in
709 1257 855 1343 opposito
877 1258 978 1322 banco
1001 1256 1122 1333 locatis,
1147 1257 1263 1322 decerm
1278 1259 1378 1322 eciam
1394 1261 1532 1339 ecclesie,

328 1362 471 1446 plebano,
500 1362 643 1446 antiquis
667 1362 842 1440 canonicis,
874 1361 991 1426 decano
1013 1361 1175 1427 facultatis
1198 1362 1333 1442 artium,
1357 1364 1532 1431 licentiatis

329 1468 529 1551 superiorum
552 1468 750 1547 facultatum,
773 1467 980 1532 baccalauriis
996 1487 1120 1551 quoque
1142 1467 1302 1552 theologie
1325 1469 1358 1533 in
1382 1471 1534 1553 uesperiis

317 1576 384 1638 'aut
412 1573 485 1636 aula
516 1573 667 1638 doctorali
702 1571 910 1657 arguentibus
944 1571 994 1635 uel
1027 1572 1292 1654 respondentibus
1322 1573 1534 1641 doctorandus

332 1677 480 1742 similiter
511 1677 693 1763 cyrothecas
725 1677 868 1742 ceruinas
897 1676 971 1740 darc
999 1676 1113 1740 debeat
1142 1680 1173 1740 et
1202 1679 1357 1741 teneatur.
1414 1677 1536 1742 Verum

331 1782 402 1847 aliis
425 1783 604 1868 magistris,
630 1783 790 1848 canonicis
814 1803 938 1874 quoque
952 1781 1129 1846 iunioribus
1146 1782 1273 1848 ecclesie
1294 1783 1366 1862 loci,
1389 1805 1448 1848 nee
1469 1805 1535 1848 non

332 1888 513 1953 consulibus
535 1887 631 1953 huius
654 1888 795 1954 ciuitatis
817 1886 1002 1952 humiliores
1026 1887 1191 1972 cyrotheoe
1213 1891 1246 1952 et
1267 1887 1373 1952 minus
1396 1889 1536 1972 preciose

329 1992 500 2058 sufficiant.

420 2096 568 2164 Preterea
583 2098 622 2162 ad
644 2097 862 2162 licentiam
877 2097 1002 2162 admitti
1018 2097 1135 2175 volens,
1160 2097 1346 2182 priusquam
1368 2121 1387 2164 a
1408 2097 1537 2162 domino

330 2203 516 2270 cancellario
538 2204 566 2268 ei
600 2203 729 2269 licentia
751 2204 950 2278 conferatur,
985 2203 1147 2289 magistris
1170 2201 1330 2287 theologie
1352 2203 1537 2288 regentibus

332 2312 402 2373 octo
432 2309 567 2374 florenos
600 2330 746 2374 renenses
776 2308 850 2373 dare
879 2309 990 2373 debeat
1023 2313 1055 2373 et
1084 2312 1231 2373 teneatur
1262 2308 1347 2374 inter
1378 2329 1537 2392 coaequa

331 2413 478 2497 portione
499 2414 740 2479 distribuendos.
798 2413 875 2478 Cum
899 2434 973 2477 vero
1005 2411 1151 2496 deinceps
1174 2411 1315 2498 iusignia
1337 2413 1537 2498 magistralia

332 2517 366 2582 in
389 2518 550 2604 theologia
571 2518 710 2602 recipere
733 2518 905 2595 desideret,
928 2517 1051 2582 soluere
1071 2520 1219 2582 teneatur
1242 2521 1378 2600 quatuor
1400 2518 1536 2583 florenos

333 2623 458 2688 eisdem.

419 2726 539 2792 Volens
562 2747 686 2810 quoque
708 2727 741 2792 in
765 2726 925 2813 theologia
946 2727 1109 2792 licentiam
1132 2727 1270 2811 recipere
1301 2729 1447 2791 teneatur
1468 2749 1537 2791 ma-

337 2834 437 2919 gistro
459 2830 633 2916 presidenti
654 2833 688 2896 in
712 2832 880 2898 collatione
901 2832 1030 2898 licentie
1059 2831 1133 2896 dare
1162 2853 1261 2896 vnum
1283 2832 1436 2896 florenum
1463 2835 1539 2896 aute

334 2938 463 3003 lieentia
496 2937 714 3016 collationem,
747 2959 811 3002 non
845 2942 954 3003 curato
984 2937 1050 3001 sive
1079 2937 1210 3002 licentia
1232 2936 1300 3001 sola
1322 2935 1387 3000 sive
1409 2935 1540 3000 licentia

336 3041 431 3106 simul
454 3062 525 3105 eum
549 3041 697 3125 vesperiis
721 3041 749 3106 ei
773 3041 987 3106 conferantur.

422 3145 511 3222 Quod
542 3145 569 3210 ai
601 3147 707 3233 plures
737 3147 771 3210 in
802 3147 897 3211 simul
919 3146 1082 3210 licentium
1106 3145 1279 3230 recipiant,
1314 3144 1540 3210 nichilominus

335 3249 441 3338 quiuis
462 3274 520 3336 pro
543 3274 599 3316 sua
623 3273 757 3336 persona
782 3253 901 3318 dictum
925 3252 1080 3317 florenum
1103 3252 1224 3316 soluere
1247 3255 1400 3316 teneatur.

421 3356 467 3421 ln
478 3380 492 3420 s
503 3357 627 3442 ignia
649 3379 722 3422 vero
738 3358 936 3443 magistralia
950 3357 1088 3442 recipere
1103 3357 1211 3421 volens
1226 3359 1373 3436 teneatur
1387 3357 1541 3442 magistro

336 3462 518 3528 cathedram
541 3463 675 3539 tenenti,
700 3485 757 3527 suo
780 3462 925 3527 videlieet
947 3462 1139 3548 promotori,
1162 3461 1235 3526 dare
1257 3483 1354 3524 unum
1377 3460 1541 3541 florenum,

337 3571 369 3632 et
391 3568 419 3631 si
441 3566 548 3651 plures
571 3566 667 3631 simul
690 3567 918 3652 insignientur,
943 3589 1008 3632 nou
1026 3567 1130 3630 minus
1153 3565 1288 3650 quilibet
1311 3586 1419 3630 eorum
1442 3588 1542 3632 vnum

336 3671 489 3737 florenum
513 3670 638 3734 soluat..

398 3775 569 3841 ¹Ceterum
598 3776 626 3838 si
661 3775 870 3844 doctorandus
901 3775 934 3840 in
963 3774 1125 3862 theologia
1155 3777 1294 3861 aliquem
1316 3799 1354 3842 ex
1377 3776 1542 3862 magistris

338 3882 498 3967 theologie
521 3882 559 3945 de
581 3883 725 3968 regentia
748 3881 957 3946 existentibus
980 3881 1019 3944 ad
1044 3903 1148 3945 eoram
1172 3903 1204 3945 se
1221 3881 1404 3946 certandum
1428 3880 1545 3946 habere

340 3988 418 4054 velit
441 3985 661 4072 (gallorum
683 3989 811 4054 nomine
828 3991 862 4051 vt
877 3985 991 4071 eijunt)
1014 3987 1048 4052 in
1066 3987 1139 4059 aula
1160 3985 1323 4063 doctorali,
1348 4009 1412 4052 non
1435 3989 1544 4052 tenea·

337 4097 391 4157 tur
413 4092 488 4156 telis
510 4093 660 4178 magister
683 4094 823 4159 laborem
846 4093 950 4157 subire
973 4093 1154 4157 certaminis
1179 4091 1241 4155 nisi
1256 4091 1427 4156 honorario
1449 4091 1544 4158 vuius

337 4197 449 4262 floreni
471 4197 568 4262 saluo.
614 4198 726 4284 ltaque
743 4199 863 4264 duobus
879 4197 973 4283 gallis
989 4197 1050 4262 duo
1066 4197 1178 4261 floreui
1201 4195 1325 4271 dentur,
1349 4199 1382 4260 et
1397 4195 1424 4260 ai
1447 4195 1543 4262 simul

339 4303 443 4387 plures
467 4302 702 4389 insignientur,
733 4301 958 4370 nichilominus
987 4302 1093 4386 quiuis
1128 4323 1222 4367 vnum
1253 4300 1408 4364 florenum
1439 4301 1545 4368 soluat

340 4409 395 4472 vni
418 4408 503 4493 gallo
524 4413 556 4474 et
579 4410 671 4476 alteri
693 4409 841 4474 similiter
864 4429 971 4474 vnum.

428 4511 553 4578 Habeat
583 4515 683 4580 eciam
713 4514 846 4580 facultas
876 4512 1055 4598 theologica
1081 4512 1266 4578 facultatem
1289 4507 1491 4593 qualifloandi
1513 4513 1548 4574 at
