<?xml version="1.0" encoding="UTF-8"?>
<!DOCTYPE html PUBLIC "-//W3C//DTD XHTML 1.0 Transitional//EN"
    "http://www.w3.org/TR/xhtml1/DTD/xhtml1-transitional.dtd">
<html xmlns="http://www.w3.org/1999/xhtml" xml:lang="en" lang="en">
 <head>
  <title>
</title>
<meta http-equiv="Content-Type" content="text/html;charset=utf-8" />
  <meta name='ocr-system' content='tesseract 3.04.00' />
  <meta name='ocr-capabilities' content='ocr_page ocr_carea ocr_par ocr_line ocrx_word'/>
</head>
<body>
  <div class='ocr_page' id='page_1' title='image "./urkundenzurgesc00tbgoog_0449.png"; bbox 0 0 3504 5322; ppageno 0'>
   <div class='ocr_carea' id='block_1_1' title="bbox 566 449 1437 520">
    <p class='ocr_par' dir='ltr' id='par_1_1' title="bbox 566 449 1437 520">
     <span class='ocr_line' id='line_1_1' title="bbox 566 449 1437 520; baseline 0.013 -18"><span class='ocrx_word' id='word_1_1' title='bbox 566 450 700 503; x_wconf 82' lang='lat' dir='ltr'><strong>Statnten</strong></span> <span class='ocrx_word' id='word_1_2' title='bbox 717 450 765 504; x_wconf 84' lang='lat' dir='ltr'><strong>des</strong></span> <span class='ocrx_word' id='word_1_3' title='bbox 783 449 1016 505; x_wconf 76' lang='lat' dir='ltr'><strong>contubernium</strong></span> <span class='ocrx_word' id='word_1_4' title='bbox 1037 452 1113 506; x_wconf 88' lang='grc'>1536.</span> <span class='ocrx_word' id='word_1_5' title='bbox 1375 457 1437 520; x_wconf 82' lang='grc'><strong>435</strong></span> 
     </span>
    </p>
   </div>
   <div class='ocr_carea' id='block_1_2' title="bbox 285 710 1396 904">
    <p class='ocr_par' dir='ltr' id='par_1_2' title="bbox 285 710 1396 904">
     <span class='ocr_line' id='line_1_2' title="bbox 285 710 1396 800; baseline 0.005 -24"><span class='ocrx_word' id='word_1_6' title='bbox 285 710 479 776; x_wconf 78' lang='lat' dir='ltr'><strong>Aliorum</strong></span> <span class='ocrx_word' id='word_1_7' title='bbox 501 712 802 799; x_wconf 83' lang='lat' dir='ltr'><strong>Magistrorum</strong></span> <span class='ocrx_word' id='word_1_8' title='bbox 836 715 1069 780; x_wconf 89' lang='lat' dir='ltr'><strong>incolarum</strong></span> <span class='ocrx_word' id='word_1_9' title='bbox 1106 717 1396 800; x_wconf 85' lang='lat' dir='ltr'><strong>Contubernii</strong></span> 
     </span>
     <span class='ocr_line' id='line_1_3' title="bbox 495 819 1190 904; baseline 0.003 -22"><span class='ocrx_word' id='word_1_10' title='bbox 495 819 582 883; x_wconf 90' lang='lat' dir='ltr'><strong>sine</strong></span> <span class='ocrx_word' id='word_1_11' title='bbox 606 819 775 904; x_wconf 87' lang='lat' dir='ltr'><strong>publice</strong></span> <span class='ocrx_word' id='word_1_12' title='bbox 801 820 1190 886; x_wconf 74' lang='lat' dir='ltr'><strong>administratione:</strong></span> 
     </span>
    </p>
   </div>
   <div class='ocr_carea' id='block_1_3' title="bbox 236 973 1444 2638">
    <p class='ocr_par' dir='ltr' id='par_1_3' title="bbox 236 973 1439 1146">
     <span class='ocr_line' id='line_1_4' title="bbox 323 973 1439 1065; baseline 0.005 -27"><span class='ocrx_word' id='word_1_13' title='bbox 323 973 412 1038; x_wconf 89' lang='lat' dir='ltr'><strong>Velle</strong></span> <span class='ocrx_word' id='word_1_14' title='bbox 441 973 611 1039; x_wconf 82' lang='lat' dir='ltr'><strong>Commoda</strong></span> <span class='ocrx_word' id='word_1_15' title='bbox 632 979 665 1039; x_wconf 91' lang='lat' dir='ltr'><strong>et</strong></span> <span class='ocrx_word' id='word_1_16' title='bbox 687 975 821 1040; x_wconf 88' lang='lat' dir='ltr'><strong>formam</strong></span> <span class='ocrx_word' id='word_1_17' title='bbox 845 974 1052 1043; x_wconf 83' lang='lat' dir='ltr'><strong>Contubernii</strong></span> <span class='ocrx_word' id='word_1_18' title='bbox 1075 980 1136 1044; x_wconf 84' lang='lat' dir='ltr'><strong>sibi</strong></span> <span class='ocrx_word' id='word_1_19' title='bbox 1165 1001 1248 1045; x_wconf 78' lang='lat' dir='ltr'><strong>curra</strong></span> <span class='ocrx_word' id='word_1_20' title='bbox 1279 1002 1345 1044; x_wconf 88' lang='lat' dir='ltr'><strong>esse</strong></span> <span class='ocrx_word' id='word_1_21' title='bbox 1373 982 1439 1065; x_wconf 93' lang='lat' dir='ltr'><strong>pati</strong></span> 
     </span>
     <span class='ocr_line' id='line_1_5' title="bbox 236 1080 547 1146; baseline 0.003 -3"><span class='ocrx_word' id='word_1_22' title='bbox 236 1101 361 1144; x_wconf 89' lang='lat' dir='ltr'><strong>summa</strong></span> <span class='ocrx_word' id='word_1_23' title='bbox 382 1101 452 1144; x_wconf 89' lang='lat' dir='ltr'><strong>cum</strong></span> <span class='ocrx_word' id='word_1_24' title='bbox 477 1080 547 1146; x_wconf 88' lang='lat' dir='ltr'><strong>fide.</strong></span> 
     </span>
    </p>

    <p class='ocr_par' dir='ltr' id='par_1_4' title="bbox 238 1182 1439 1372">
     <span class='ocr_line' id='line_1_6' title="bbox 324 1182 1439 1269; baseline 0.006 -22"><span class='ocrx_word' id='word_1_25' title='bbox 324 1182 413 1259; x_wconf 83' lang='lat' dir='ltr'><strong>Quod</strong></span> <span class='ocrx_word' id='word_1_26' title='bbox 446 1185 484 1249; x_wconf 89' lang='lat' dir='ltr'><strong>ad</strong></span> <span class='ocrx_word' id='word_1_27' title='bbox 514 1184 598 1269; x_wconf 84' lang='lat' dir='ltr'><strong>leges</strong></span> <span class='ocrx_word' id='word_1_28' title='bbox 632 1185 872 1250; x_wconf 86' lang='lat' dir='ltr'><strong>contubernales</strong></span> <span class='ocrx_word' id='word_1_29' title='bbox 904 1187 1039 1266; x_wconf 81' lang='lat' dir='ltr'><strong>attinet,</strong></span> <span class='ocrx_word' id='word_1_30' title='bbox 1077 1189 1204 1254; x_wconf 83' lang='lat' dir='ltr'><strong>Rectori</strong></span> <span class='ocrx_word' id='word_1_31' title='bbox 1242 1195 1274 1256; x_wconf 89' lang='lat' dir='ltr'><strong>ct</strong></span> <span class='ocrx_word' id='word_1_32' title='bbox 1308 1191 1439 1256; x_wconf 89' lang='lat' dir='ltr'><strong>oonsilio</strong></span> 
     </span>
     <span class='ocr_line' id='line_1_7' title="bbox 238 1287 571 1372; baseline 0.003 -21"><span class='ocrx_word' id='word_1_33' title='bbox 238 1287 324 1353; x_wconf 89' lang='lat' dir='ltr'><strong>illius</strong></span> <span class='ocrx_word' id='word_1_34' title='bbox 345 1289 571 1372; x_wconf 87' lang='lat' dir='ltr'><strong>obtemperare.</strong></span> 
     </span>
    </p>

    <p class='ocr_par' dir='ltr' id='par_1_5' title="bbox 239 1393 1438 1584">
     <span class='ocr_line' id='line_1_8' title="bbox 324 1393 1438 1482; baseline 0.006 -24"><span class='ocrx_word' id='word_1_35' title='bbox 324 1394 485 1458; x_wconf 89' lang='lat' dir='ltr'><strong>Aduersus</strong></span> <span class='ocrx_word' id='word_1_36' title='bbox 508 1393 598 1457; x_wconf 89' lang='lat' dir='ltr'><strong>illum</strong></span> <span class='ocrx_word' id='word_1_37' title='bbox 622 1398 772 1459; x_wconf 84' lang='grc'><strong>90011909</strong></span> <span class='ocrx_word' id='word_1_38' title='bbox 795 1394 964 1479; x_wconf 83' lang='lat' dir='ltr'><strong>magistros</strong></span> <span class='ocrx_word' id='word_1_39' title='bbox 988 1396 1113 1482; x_wconf 85' lang='lat' dir='ltr'><strong>collegii</strong></span> <span class='ocrx_word' id='word_1_40' title='bbox 1133 1399 1215 1463; x_wconf 91' lang='lat' dir='ltr'><strong>nihil</strong></span> <span class='ocrx_word' id='word_1_41' title='bbox 1237 1399 1300 1465; x_wconf 85' lang='lat' dir='ltr'><strong>vlla</strong></span> <span class='ocrx_word' id='word_1_42' title='bbox 1315 1402 1438 1465; x_wconf 88' lang='lat' dir='ltr'><strong>ratione</strong></span> 
     </span>
     <span class='ocr_line' id='line_1_9' title="bbox 239 1497 590 1584; baseline 0 -22"><span class='ocrx_word' id='word_1_43' title='bbox 239 1503 294 1562; x_wconf 89' lang='lat' dir='ltr'><strong>aut</strong></span> <span class='ocrx_word' id='word_1_44' title='bbox 316 1499 368 1562; x_wconf 88' lang='lat' dir='ltr'><strong>via</strong></span> <span class='ocrx_word' id='word_1_45' title='bbox 390 1497 590 1584; x_wconf 50' lang='lat' dir='ltr'><strong>machinari..</strong></span> 
     </span>
    </p>

    <p class='ocr_par' dir='ltr' id='par_1_6' title="bbox 239 1601 1437 1792">
     <span class='ocr_line' id='line_1_10' title="bbox 325 1601 1437 1695; baseline 0.004 -27"><span class='ocrx_word' id='word_1_46' title='bbox 325 1601 404 1668; x_wconf 81' lang='lat' dir='ltr'><strong>Suos</strong></span> <span class='ocrx_word' id='word_1_47' title='bbox 426 1602 596 1688; x_wconf 76' lang='lat' dir='ltr'><strong>discipulos</strong></span> <span class='ocrx_word' id='word_1_48' title='bbox 619 1604 652 1667; x_wconf 95' lang='lat' dir='ltr'><strong>in</strong></span> <span class='ocrx_word' id='word_1_49' title='bbox 677 1604 880 1688; x_wconf 74' lang='lat' dir='ltr'><strong>improbitate</strong></span> <span class='ocrx_word' id='word_1_50' title='bbox 902 1611 957 1670; x_wconf 89' lang='lat' dir='ltr'><strong>aut</strong></span> <span class='ocrx_word' id='word_1_51' title='bbox 977 1607 1154 1691; x_wconf 80' lang='lat' dir='ltr'><strong>petulantia</strong></span> <span class='ocrx_word' id='word_1_52' title='bbox 1168 1608 1335 1674; x_wconf 83' lang='lat' dir='ltr'><strong>aduersum</strong></span> <span class='ocrx_word' id='word_1_53' title='bbox 1351 1609 1437 1695; x_wconf 86' lang='lat' dir='ltr'><strong>loges</strong></span> 
     </span>
     <span class='ocr_line' id='line_1_11' title="bbox 239 1709 805 1792; baseline 0.004 -20"><span class='ocrx_word' id='word_1_54' title='bbox 239 1730 437 1792; x_wconf 90' lang='lat' dir='ltr'><strong>nequaquam</strong></span> <span class='ocrx_word' id='word_1_55' title='bbox 461 1709 568 1774; x_wconf 88' lang='lat' dir='ltr'><strong>fouere</strong></span> <span class='ocrx_word' id='word_1_56' title='bbox 590 1731 691 1792; x_wconf 89' lang='lat' dir='ltr'><strong>neque</strong></span> <span class='ocrx_word' id='word_1_57' title='bbox 713 1711 805 1774; x_wconf 87' lang='grc'><strong>10911.</strong></span> 
     </span>
    </p>

    <p class='ocr_par' dir='ltr' id='par_1_7' title="bbox 324 1812 1208 1881">
     <span class='ocr_line' id='line_1_12' title="bbox 324 1812 1208 1881; baseline 0.002 -2"><span class='ocrx_word' id='word_1_58' title='bbox 324 1812 622 1880; x_wconf 78' lang='lat' dir='ltr'><strong>Studiosorum</strong></span> <span class='ocrx_word' id='word_1_59' title='bbox 645 1814 929 1881; x_wconf 80' lang='lat' dir='ltr'><strong>Contubernii</strong></span> <span class='ocrx_word' id='word_1_60' title='bbox 951 1817 1208 1881; x_wconf 87' lang='lat' dir='ltr'><strong>incolarum:</strong></span> 
     </span>
    </p>

    <p class='ocr_par' dir='ltr' id='par_1_8' title="bbox 238 1918 1441 2216">
     <span class='ocr_line' id='line_1_13' title="bbox 325 1918 1440 2009; baseline 0.004 -26"><span class='ocrx_word' id='word_1_61' title='bbox 325 1919 416 1985; x_wconf 88' lang='lat' dir='ltr'><strong>Velle</strong></span> <span class='ocrx_word' id='word_1_62' title='bbox 447 1918 640 2004; x_wconf 85' lang='lat' dir='ltr'><strong>morigerum</strong></span> <span class='ocrx_word' id='word_1_63' title='bbox 671 1919 798 1986; x_wconf 85' lang='lat' dir='ltr'><strong>Rectori</strong></span> <span class='ocrx_word' id='word_1_64' title='bbox 820 1921 1027 1989; x_wconf 85' lang='lat' dir='ltr'><strong>Contubemii</strong></span> <span class='ocrx_word' id='word_1_65' title='bbox 1057 1929 1090 1987; x_wconf 89' lang='lat' dir='ltr'><strong>et</strong></span> <span class='ocrx_word' id='word_1_66' title='bbox 1119 1923 1283 2009; x_wconf 82' lang='lat' dir='ltr'><strong>Magistris</strong></span> <span class='ocrx_word' id='word_1_67' title='bbox 1307 1924 1440 2009; x_wconf 82' lang='lat' dir='ltr'><strong>Collegii</strong></span> 
     </span>
     <span class='ocr_line' id='line_1_14' title="bbox 238 2026 1441 2112; baseline 0.002 -22"><span class='ocrx_word' id='word_1_68' title='bbox 238 2048 319 2106; x_wconf 81' lang='lat' dir='ltr'><strong>esse,</strong></span> <span class='ocrx_word' id='word_1_69' title='bbox 362 2027 458 2090; x_wconf 88' lang='lat' dir='ltr'><strong>nullis</strong></span> <span class='ocrx_word' id='word_1_70' title='bbox 494 2026 643 2090; x_wconf 87' lang='lat' dir='ltr'><strong>aduersus</strong></span> <span class='ocrx_word' id='word_1_71' title='bbox 680 2026 751 2091; x_wconf 91' lang='lat' dir='ltr'><strong>illos</strong></span> <span class='ocrx_word' id='word_1_72' title='bbox 783 2027 941 2105; x_wconf 83' lang='lat' dir='ltr'><strong>consiliis,</strong></span> <span class='ocrx_word' id='word_1_73' title='bbox 977 2029 1284 2112; x_wconf 82' lang='lat' dir='ltr'><strong>conspirationibus,</strong></span> <span class='ocrx_word' id='word_1_74' title='bbox 1322 2028 1441 2094; x_wconf 86' lang='lat' dir='ltr'><strong>machi-</strong></span> 
     </span>
     <span class='ocr_line' id='line_1_15' title="bbox 239 2128 1005 2216; baseline -0.001 -21"><span class='ocrx_word' id='word_1_75' title='bbox 239 2128 420 2195; x_wconf 87' lang='lat' dir='ltr'><strong>nationibus</strong></span> <span class='ocrx_word' id='word_1_76' title='bbox 443 2152 543 2214; x_wconf 88' lang='lat' dir='ltr'><strong>neque</strong></span> <span class='ocrx_word' id='word_1_77' title='bbox 567 2153 699 2216; x_wconf 83' lang='lat' dir='ltr'><strong>praeesse</strong></span> <span class='ocrx_word' id='word_1_78' title='bbox 721 2153 823 2216; x_wconf 82' lang='lat' dir='ltr'><strong>neque</strong></span> <span class='ocrx_word' id='word_1_79' title='bbox 846 2133 1005 2196; x_wconf 84' lang='lat' dir='ltr'><strong>interesse.</strong></span> 
     </span>
    </p>

    <p class='ocr_par' dir='ltr' id='par_1_9' title="bbox 239 2235 1444 2532">
     <span class='ocr_line' id='line_1_16' title="bbox 326 2235 1442 2320; baseline -0.002 -20"><span class='ocrx_word' id='word_1_80' title='bbox 326 2235 535 2300; x_wconf 73' lang='lat' dir='ltr'><strong>contubernii</strong></span> <span class='ocrx_word' id='word_1_81' title='bbox 565 2257 666 2320; x_wconf 90' lang='lat' dir='ltr'><strong>neque</strong></span> <span class='ocrx_word' id='word_1_82' title='bbox 697 2235 790 2298; x_wconf 88' lang='lat' dir='ltr'><strong>rebus</strong></span> <span class='ocrx_word' id='word_1_83' title='bbox 819 2258 921 2320; x_wconf 90' lang='lat' dir='ltr'><strong>neque</strong></span> <span class='ocrx_word' id='word_1_84' title='bbox 955 2237 1061 2300; x_wconf 90' lang='lat' dir='ltr'><strong>domui</strong></span> <span class='ocrx_word' id='word_1_85' title='bbox 1095 2236 1246 2301; x_wconf 90' lang='lat' dir='ltr'><strong>damnum</strong></span> <span class='ocrx_word' id='word_1_86' title='bbox 1277 2237 1368 2314; x_wconf 76' lang='lat' dir='ltr'><strong>dare,</strong></span> <span class='ocrx_word' id='word_1_87' title='bbox 1415 2235 1442 2298; x_wconf 90' lang='lat' dir='ltr'><strong>si</strong></span> 
     </span>
     <span class='ocr_line' id='line_1_17' title="bbox 241 2339 1444 2425; baseline -0.001 -21"><span class='ocrx_word' id='word_1_88' title='bbox 241 2341 318 2425; x_wconf 91' lang='lat' dir='ltr'><strong>quid</strong></span> <span class='ocrx_word' id='word_1_89' title='bbox 350 2341 493 2406; x_wconf 89' lang='lat' dir='ltr'><strong>dederint</strong></span> <span class='ocrx_word' id='word_1_90' title='bbox 521 2341 618 2406; x_wconf 91' lang='lat' dir='ltr'><strong>biduo</strong></span> <span class='ocrx_word' id='word_1_91' title='bbox 648 2361 680 2404; x_wconf 89' lang='lat' dir='ltr'><strong>se</strong></span> <span class='ocrx_word' id='word_1_92' title='bbox 712 2340 849 2406; x_wconf 85' lang='lat' dir='ltr'><strong>indicare</strong></span> <span class='ocrx_word' id='word_1_93' title='bbox 884 2339 1012 2406; x_wconf 85' lang='lat' dir='ltr'><strong>Rectori</strong></span> <span class='ocrx_word' id='word_1_94' title='bbox 1046 2345 1078 2407; x_wconf 92' lang='lat' dir='ltr'><strong>et</strong></span> <span class='ocrx_word' id='word_1_95' title='bbox 1107 2343 1145 2406; x_wconf 86' lang='lat' dir='ltr'><strong>de</strong></span> <span class='ocrx_word' id='word_1_96' title='bbox 1174 2342 1260 2407; x_wconf 90' lang='lat' dir='ltr'><strong>illius</strong></span> <span class='ocrx_word' id='word_1_97' title='bbox 1294 2341 1444 2405; x_wconf 88' lang='lat' dir='ltr'><strong>mandato</strong></span> 
     </span>
     <span class='ocr_line' id='line_1_18' title="bbox 239 2469 448 2532; baseline -0.005 -21"><span class='ocrx_word' id='word_1_98' title='bbox 239 2469 448 2532; x_wconf 85' lang='lat' dir='ltr'><strong>compensare.</strong></span> 
     </span>
    </p>

    <p class='ocr_par' dir='ltr' id='par_1_10' title="bbox 326 2550 1289 2638">
     <span class='ocr_line' id='line_1_19' title="bbox 326 2550 1289 2638; baseline -0.002 -22"><span class='ocrx_word' id='word_1_99' title='bbox 326 2551 402 2616; x_wconf 86' lang='lat' dir='ltr'><strong>Haeo</strong></span> <span class='ocrx_word' id='word_1_100' title='bbox 424 2553 507 2638; x_wconf 88' lang='lat' dir='ltr'><strong>apud</strong></span> <span class='ocrx_word' id='word_1_101' title='bbox 531 2553 696 2617; x_wconf 84' lang='lat' dir='ltr'><strong>Rectorem</strong></span> <span class='ocrx_word' id='word_1_102' title='bbox 719 2552 753 2616; x_wconf 90' lang='lat' dir='ltr'><strong>iu</strong></span> <span class='ocrx_word' id='word_1_103' title='bbox 777 2550 917 2616; x_wconf 77' lang='lat' dir='ltr'><strong>Consilio</strong></span> <span class='ocrx_word' id='word_1_104' title='bbox 940 2553 1065 2637; x_wconf 83' lang='lat' dir='ltr'><strong>collegii</strong></span> <span class='ocrx_word' id='word_1_105' title='bbox 1088 2555 1289 2637; x_wconf 86' lang='lat' dir='ltr'><strong>promittant.</strong></span> 
     </span>
    </p>
   </div>
   <div class='ocr_carea' id='block_1_4' title="bbox 328 2761 1348 2828">
    <p class='ocr_par' dir='ltr' id='par_1_11' title="bbox 328 2761 1348 2828">
     <span class='ocr_line' id='line_1_20' title="bbox 328 2761 1348 2828; baseline -0.001 -3"><span class='ocrx_word' id='word_1_106' title='bbox 328 2761 591 2828; x_wconf 83' lang='lat' dir='ltr'><strong>Famulorum</strong></span> <span class='ocrx_word' id='word_1_107' title='bbox 614 2763 944 2828; x_wconf 88' lang='lat' dir='ltr'><strong>Communitatis</strong></span> <span class='ocrx_word' id='word_1_108' title='bbox 971 2762 1348 2828; x_wconf 80' lang='lat' dir='ltr'><strong>contubernalium:</strong></span> 
     </span>
    </p>
   </div>
   <div class='ocr_carea' id='block_1_5' title="bbox 239 2919 1445 3090">
    <p class='ocr_par' dir='ltr' id='par_1_12' title="bbox 239 2919 1445 3090">
     <span class='ocr_line' id='line_1_21' title="bbox 327 2919 1445 3008; baseline 0.001 -25"><span class='ocrx_word' id='word_1_109' title='bbox 327 2919 418 2984; x_wconf 87' lang='lat' dir='ltr'><strong>Velle</strong></span> <span class='ocrx_word' id='word_1_110' title='bbox 449 2941 507 3004; x_wconf 89' lang='lat' dir='ltr'><strong>pro</strong></span> <span class='ocrx_word' id='word_1_111' title='bbox 538 2922 624 2987; x_wconf 80' lang='lat' dir='ltr'><strong>virili</strong></span> <span class='ocrx_word' id='word_1_112' title='bbox 655 2945 711 2987; x_wconf 88' lang='lat' dir='ltr'><strong>sua</strong></span> <span class='ocrx_word' id='word_1_113' title='bbox 740 2924 822 2988; x_wconf 92' lang='lat' dir='ltr'><strong>tueri</strong></span> <span class='ocrx_word' id='word_1_114' title='bbox 858 2945 893 2988; x_wconf 90' lang='lat' dir='ltr'><strong>ac</strong></span> <span class='ocrx_word' id='word_1_115' title='bbox 925 2944 1040 3008; x_wconf 82' lang='lat' dir='ltr'><strong>augere</strong></span> <span class='ocrx_word' id='word_1_116' title='bbox 1070 2922 1188 2988; x_wconf 88' lang='lat' dir='ltr'><strong>famam</strong></span> <span class='ocrx_word' id='word_1_117' title='bbox 1220 2926 1252 2986; x_wconf 91' lang='lat' dir='ltr'><strong>et</strong></span> <span class='ocrx_word' id='word_1_118' title='bbox 1281 2921 1445 2986; x_wconf 88' lang='lat' dir='ltr'><strong>commoda</strong></span> 
     </span>
     <span class='ocr_line' id='line_1_22' title="bbox 239 3025 455 3090; baseline -0.009 0"><span class='ocrx_word' id='word_1_119' title='bbox 239 3025 455 3090; x_wconf 81' lang='lat' dir='ltr'><strong>Contubernii.</strong></span> 
     </span>
    </p>
   </div>
   <div class='ocr_carea' id='block_1_6' title="bbox 238 3131 1443 4484">
    <p class='ocr_par' dir='ltr' id='par_1_13' title="bbox 239 3131 1439 3321">
     <span class='ocr_line' id='line_1_23' title="bbox 327 3131 1439 3218; baseline 0.001 -24"><span class='ocrx_word' id='word_1_120' title='bbox 327 3131 376 3195; x_wconf 80' lang='lat' dir='ltr'><strong>Ad</strong></span> <span class='ocrx_word' id='word_1_121' title='bbox 400 3132 508 3196; x_wconf 91' lang='lat' dir='ltr'><strong>omnia</strong></span> <span class='ocrx_word' id='word_1_122' title='bbox 529 3136 561 3196; x_wconf 90' lang='lat' dir='ltr'><strong>et</strong></span> <span class='ocrx_word' id='word_1_123' title='bbox 583 3133 742 3218; x_wconf 72' lang='lat' dir='ltr'><strong>legittima</strong></span> <span class='ocrx_word' id='word_1_124' title='bbox 764 3133 848 3198; x_wconf 87' lang='lat' dir='ltr'><strong>iussa</strong></span> <span class='ocrx_word' id='word_1_125' title='bbox 864 3133 989 3198; x_wconf 81' lang='grc'><strong>11901011</strong></span> <span class='ocrx_word' id='word_1_126' title='bbox 1016 3138 1048 3198; x_wconf 88' lang='grc'><strong>91</strong></span> <span class='ocrx_word' id='word_1_127' title='bbox 1066 3132 1229 3218; x_wconf 85' lang='lat' dir='ltr'><strong>magistris</strong></span> <span class='ocrx_word' id='word_1_128' title='bbox 1244 3131 1282 3196; x_wconf 92' lang='lat' dir='ltr'><strong>de</strong></span> <span class='ocrx_word' id='word_1_129' title='bbox 1299 3131 1439 3216; x_wconf 81' lang='lat' dir='ltr'><strong>Collegio</strong></span> 
     </span>
     <span class='ocr_line' id='line_1_24' title="bbox 239 3241 455 3321; baseline 0 -21"><span class='ocrx_word' id='word_1_130' title='bbox 239 3241 353 3321; x_wconf 74' lang='lat' dir='ltr'><strong>praesto</strong></span> <span class='ocrx_word' id='word_1_131' title='bbox 380 3259 455 3302; x_wconf 88' lang='grc'><strong>9999.</strong></span> 
     </span>
    </p>

    <p class='ocr_par' dir='ltr' id='par_1_14' title="bbox 238 3341 1442 3742">
     <span class='ocr_line' id='line_1_25' title="bbox 326 3341 1442 3428; baseline -0.001 -23"><span class='ocrx_word' id='word_1_132' title='bbox 326 3341 365 3405; x_wconf 90' lang='grc'><strong>10</strong></span> <span class='ocrx_word' id='word_1_133' title='bbox 388 3343 526 3407; x_wconf 88' lang='lat' dir='ltr'><strong>curando</strong></span> <span class='ocrx_word' id='word_1_134' title='bbox 550 3365 633 3428; x_wconf 87' lang='lat' dir='ltr'><strong>penu</strong></span> <span class='ocrx_word' id='word_1_135' title='bbox 655 3343 822 3427; x_wconf 86' lang='lat' dir='ltr'><strong>cellisque,</strong></span> <span class='ocrx_word' id='word_1_136' title='bbox 852 3347 884 3407; x_wconf 92' lang='lat' dir='ltr'><strong>et</strong></span> <span class='ocrx_word' id='word_1_137' title='bbox 914 3343 1016 3425; x_wconf 89' lang='lat' dir='ltr'><strong>pretio</strong></span> <span class='ocrx_word' id='word_1_138' title='bbox 1040 3342 1312 3406; x_wconf 87' lang='lat' dir='ltr'><strong>commemorando</strong></span> <span class='ocrx_word' id='word_1_139' title='bbox 1337 3364 1442 3406; x_wconf 87' lang='lat' dir='ltr'><strong>rerum</strong></span> 
     </span>
     <span class='ocr_line' id='line_1_26' title="bbox 239 3446 1440 3532; baseline 0.002 -23"><span class='ocrx_word' id='word_1_140' title='bbox 239 3446 279 3509; x_wconf 87' lang='lat' dir='ltr'><strong>ad</strong></span> <span class='ocrx_word' id='word_1_141' title='bbox 302 3447 420 3510; x_wconf 86' lang='lat' dir='ltr'><strong>victum</strong></span> <span class='ocrx_word' id='word_1_142' title='bbox 444 3451 477 3512; x_wconf 90' lang='lat' dir='ltr'><strong>et</strong></span> <span class='ocrx_word' id='word_1_143' title='bbox 497 3470 588 3512; x_wconf 87' lang='lat' dir='ltr'><strong>vsum</strong></span> <span class='ocrx_word' id='word_1_144' title='bbox 612 3449 872 3524; x_wconf 81' lang='lat' dir='ltr'><strong>necessariarum,</strong></span> <span class='ocrx_word' id='word_1_145' title='bbox 906 3448 1040 3532; x_wconf 86' lang='lat' dir='ltr'><strong>denique</strong></span> <span class='ocrx_word' id='word_1_146' title='bbox 1062 3447 1209 3511; x_wconf 88' lang='lat' dir='ltr'><strong>omnibus</strong></span> <span class='ocrx_word' id='word_1_147' title='bbox 1231 3448 1264 3510; x_wconf 92' lang='lat' dir='ltr'><strong>in</strong></span> <span class='ocrx_word' id='word_1_148' title='bbox 1288 3449 1380 3512; x_wconf 90' lang='lat' dir='ltr'><strong>rebus</strong></span> <span class='ocrx_word' id='word_1_149' title='bbox 1404 3469 1440 3512; x_wconf 91' lang='lat' dir='ltr'><strong>ac</strong></span> 
     </span>
     <span class='ocr_line' id='line_1_27' title="bbox 238 3551 1433 3638; baseline 0.003 -23"><span class='ocrx_word' id='word_1_150' title='bbox 238 3551 383 3635; x_wconf 87' lang='lat' dir='ltr'><strong>partibus</strong></span> <span class='ocrx_word' id='word_1_151' title='bbox 405 3553 528 3618; x_wconf 87' lang='lat' dir='ltr'><strong>seruitii</strong></span> <span class='ocrx_word' id='word_1_152' title='bbox 550 3555 598 3617; x_wconf 91' lang='lat' dir='ltr'><strong>sui</strong></span> <span class='ocrx_word' id='word_1_153' title='bbox 621 3554 842 3620; x_wconf 85' lang='lat' dir='ltr'><strong>infidelitatem</strong></span> <span class='ocrx_word' id='word_1_154' title='bbox 864 3561 896 3618; x_wconf 88' lang='lat' dir='ltr'><strong>et</strong></span> <span class='ocrx_word' id='word_1_155' title='bbox 917 3553 1041 3618; x_wconf 87' lang='lat' dir='ltr'><strong>fraudes</strong></span> <span class='ocrx_word' id='word_1_156' title='bbox 1063 3554 1166 3617; x_wconf 88' lang='lat' dir='ltr'><strong>omnis</strong></span> <span class='ocrx_word' id='word_1_157' title='bbox 1182 3553 1307 3638; x_wconf 81' lang='lat' dir='ltr'><strong>generis</strong></span> <span class='ocrx_word' id='word_1_158' title='bbox 1324 3551 1433 3632; x_wconf 80' lang='lat' dir='ltr'><strong>vitare,</strong></span> 
     </span>
     <span class='ocr_line' id='line_1_28' title="bbox 239 3659 857 3742; baseline 0 -21"><span class='ocrx_word' id='word_1_159' title='bbox 239 3677 340 3742; x_wconf 90' lang='lat' dir='ltr'><strong>neque</strong></span> <span class='ocrx_word' id='word_1_160' title='bbox 363 3659 464 3723; x_wconf 84' lang='lat' dir='ltr'><strong>vllum</strong></span> <span class='ocrx_word' id='word_1_161' title='bbox 486 3681 578 3724; x_wconf 87' lang='lat' dir='ltr'><strong>suum</strong></span> <span class='ocrx_word' id='word_1_162' title='bbox 600 3660 724 3724; x_wconf 90' lang='lat' dir='ltr'><strong>lucrum</strong></span> <span class='ocrx_word' id='word_1_163' title='bbox 747 3659 857 3724; x_wconf 86' lang='lat' dir='ltr'><strong>facere.</strong></span> 
     </span>
    </p>

    <p class='ocr_par' dir='ltr' id='par_1_15' title="bbox 326 3763 1358 3848">
     <span class='ocr_line' id='line_1_29' title="bbox 326 3763 1358 3848; baseline -0.001 -19"><span class='ocrx_word' id='word_1_164' title='bbox 326 3763 389 3830; x_wconf 85' lang='lat' dir='ltr'><strong>Suo</strong></span> <span class='ocrx_word' id='word_1_165' title='bbox 411 3763 527 3828; x_wconf 87' lang='lat' dir='ltr'><strong>salario</strong></span> <span class='ocrx_word' id='word_1_166' title='bbox 550 3768 581 3828; x_wconf 89' lang='lat' dir='ltr'><strong>et</strong></span> <span class='ocrx_word' id='word_1_167' title='bbox 603 3765 631 3828; x_wconf 89' lang='lat' dir='ltr'><strong>si</strong></span> <span class='ocrx_word' id='word_1_168' title='bbox 656 3764 731 3848; x_wconf 94' lang='lat' dir='ltr'><strong>quid</strong></span> <span class='ocrx_word' id='word_1_169' title='bbox 753 3764 835 3828; x_wconf 83' lang='lat' dir='ltr'><strong>forte</strong></span> <span class='ocrx_word' id='word_1_170' title='bbox 858 3764 940 3827; x_wconf 92' lang='lat' dir='ltr'><strong>dono</strong></span> <span class='ocrx_word' id='word_1_171' title='bbox 963 3763 1055 3828; x_wconf 90' lang='lat' dir='ltr'><strong>detur</strong></span> <span class='ocrx_word' id='word_1_172' title='bbox 1076 3767 1261 3829; x_wconf 87' lang='lat' dir='ltr'><strong>contentum</strong></span> <span class='ocrx_word' id='word_1_173' title='bbox 1284 3786 1358 3828; x_wconf 88' lang='lat' dir='ltr'><strong>esse.</strong></span> 
     </span>
    </p>

    <p class='ocr_par' dir='ltr' id='par_1_16' title="bbox 239 3869 1436 4041">
     <span class='ocr_line' id='line_1_30' title="bbox 326 3869 1436 3953; baseline 0.001 -20"><span class='ocrx_word' id='word_1_174' title='bbox 326 3869 501 3936; x_wconf 89' lang='lat' dir='ltr'><strong>Damnosos</strong></span> <span class='ocrx_word' id='word_1_175' title='bbox 525 3869 733 3935; x_wconf 86' lang='lat' dir='ltr'><strong>Contubernii</strong></span> <span class='ocrx_word' id='word_1_176' title='bbox 754 3869 860 3934; x_wconf 88' lang='lat' dir='ltr'><strong>domui</strong></span> <span class='ocrx_word' id='word_1_177' title='bbox 884 3874 939 3933; x_wconf 87' lang='lat' dir='ltr'><strong>aut</strong></span> <span class='ocrx_word' id='word_1_178' title='bbox 962 3869 1064 3947; x_wconf 78' lang='lat' dir='ltr'><strong>rebus,</strong></span> <span class='ocrx_word' id='word_1_179' title='bbox 1087 3871 1114 3934; x_wconf 90' lang='lat' dir='ltr'><strong>si</strong></span> <span class='ocrx_word' id='word_1_180' title='bbox 1138 3890 1216 3953; x_wconf 93' lang='lat' dir='ltr'><strong>quos</strong></span> <span class='ocrx_word' id='word_1_181' title='bbox 1239 3870 1436 3952; x_wconf 86' lang='lat' dir='ltr'><strong>compererit,</strong></span> 
     </span>
     <span class='ocr_line' id='line_1_31' title="bbox 239 3974 770 4041; baseline 0 -3"><span class='ocrx_word' id='word_1_182' title='bbox 239 3974 366 4039; x_wconf 86' lang='lat' dir='ltr'><strong>Rectori</strong></span> <span class='ocrx_word' id='word_1_183' title='bbox 390 3975 598 4041; x_wconf 81' lang='lat' dir='ltr'><strong>Contubernii</strong></span> <span class='ocrx_word' id='word_1_184' title='bbox 621 3975 770 4040; x_wconf 83' lang='lat' dir='ltr'><strong>indicare.</strong></span> 
     </span>
    </p>

    <p class='ocr_par' dir='ltr' id='par_1_17' title="bbox 239 4079 1442 4376">
     <span class='ocr_line' id='line_1_32' title="bbox 324 4079 1440 4166; baseline 0.002 -22"><span class='ocrx_word' id='word_1_185' title='bbox 324 4079 363 4144; x_wconf 92' lang='grc'><strong>10</strong></span> <span class='ocrx_word' id='word_1_186' title='bbox 385 4082 452 4145; x_wconf 83' lang='lat' dir='ltr'><strong>haec</strong></span> <span class='ocrx_word' id='word_1_187' title='bbox 474 4082 603 4146; x_wconf 88' lang='lat' dir='ltr'><strong>iuranto</strong></span> <span class='ocrx_word' id='word_1_188' title='bbox 626 4080 708 4164; x_wconf 88' lang='lat' dir='ltr'><strong>apud</strong></span> <span class='ocrx_word' id='word_1_189' title='bbox 734 4079 900 4145; x_wconf 82' lang='lat' dir='ltr'><strong>Rectorem</strong></span> <span class='ocrx_word' id='word_1_190' title='bbox 924 4081 957 4145; x_wconf 91' lang='grc'><strong>10</strong></span> <span class='ocrx_word' id='word_1_191' title='bbox 976 4079 1113 4166; x_wconf 81' lang='lat' dir='ltr'><strong>Oollegii</strong></span> <span class='ocrx_word' id='word_1_192' title='bbox 1137 4081 1270 4145; x_wconf 91' lang='lat' dir='ltr'><strong>oonsilio</strong></span> <span class='ocrx_word' id='word_1_193' title='bbox 1293 4082 1440 4146; x_wconf 82' lang='grc'><strong>10109191.</strong></span> 
     </span>
     <span class='ocr_line' id='line_1_33' title="bbox 239 4183 1442 4265; baseline 0.002 -17"><span class='ocrx_word' id='word_1_194' title='bbox 239 4183 298 4249; x_wconf 88' lang='lat' dir='ltr'><strong>Sed</strong></span> <span class='ocrx_word' id='word_1_195' title='bbox 321 4184 467 4265; x_wconf 81' lang='lat' dir='ltr'><strong>famulus,</strong></span> <span class='ocrx_word' id='word_1_196' title='bbox 492 4187 580 4251; x_wconf 88' lang='lat' dir='ltr'><strong>ouius</strong></span> <span class='ocrx_word' id='word_1_197' title='bbox 601 4187 675 4250; x_wconf 87' lang='lat' dir='ltr'><strong>fidei</strong></span> <span class='ocrx_word' id='word_1_198' title='bbox 697 4185 800 4251; x_wconf 86' lang='lat' dir='ltr'><strong>claues</strong></span> <span class='ocrx_word' id='word_1_199' title='bbox 824 4187 938 4250; x_wconf 88' lang='lat' dir='ltr'><strong>aedium</strong></span> <span class='ocrx_word' id='word_1_200' title='bbox 961 4187 1128 4252; x_wconf 83' lang='lat' dir='ltr'><strong>altectore</strong></span> <span class='ocrx_word' id='word_1_201' title='bbox 1144 4186 1351 4251; x_wconf 79' lang='lat' dir='ltr'><strong>contubernii</strong></span> <span class='ocrx_word' id='word_1_202' title='bbox 1373 4186 1442 4250; x_wconf 89' lang='lat' dir='ltr'><strong>fue·</strong></span> 
     </span>
     <span class='ocr_line' id='line_1_34' title="bbox 239 4290 949 4376; baseline 0.003 -22"><span class='ocrx_word' id='word_1_203' title='bbox 239 4290 305 4354; x_wconf 90' lang='lat' dir='ltr'><strong>rint</strong></span> <span class='ocrx_word' id='word_1_204' title='bbox 328 4290 511 4368; x_wconf 72' lang='lat' dir='ltr'><strong>commissae,</strong></span> <span class='ocrx_word' id='word_1_205' title='bbox 535 4292 717 4376; x_wconf 83' lang='lat' dir='ltr'><strong>insaporet</strong></span> <span class='ocrx_word' id='word_1_206' title='bbox 740 4290 801 4358; x_wconf 89' lang='lat' dir='ltr'><strong>hoo</strong></span> <span class='ocrx_word' id='word_1_207' title='bbox 826 4293 949 4357; x_wconf 88' lang='lat' dir='ltr'><strong>iurato:</strong></span> 
     </span>
    </p>

    <p class='ocr_par' dir='ltr' id='par_1_18' title="bbox 326 4394 1443 4484">
     <span class='ocr_line' id='line_1_35' title="bbox 326 4394 1443 4484; baseline 0.001 -25"><span class='ocrx_word' id='word_1_208' title='bbox 326 4394 416 4461; x_wconf 91' lang='lat' dir='ltr'><strong>Velle</strong></span> <span class='ocrx_word' id='word_1_209' title='bbox 447 4397 619 4484; x_wconf 81' lang='lat' dir='ltr'><strong>diligenter</strong></span> <span class='ocrx_word' id='word_1_210' title='bbox 641 4404 673 4464; x_wconf 90' lang='grc'><strong>91</strong></span> <span class='ocrx_word' id='word_1_211' title='bbox 701 4421 773 4466; x_wconf 87' lang='grc'><strong>0001</strong></span> <span class='ocrx_word' id='word_1_212' title='bbox 795 4399 856 4462; x_wconf 91' lang='lat' dir='ltr'><strong>fide</strong></span> <span class='ocrx_word' id='word_1_213' title='bbox 878 4403 1021 4484; x_wconf 89' lang='lat' dir='ltr'><strong>tempore</strong></span> <span class='ocrx_word' id='word_1_214' title='bbox 1044 4399 1202 4483; x_wconf 78' lang='lat' dir='ltr'><strong>praefinito</strong></span> <span class='ocrx_word' id='word_1_215' title='bbox 1224 4399 1336 4462; x_wconf 76' lang='lat' dir='ltr'><strong>radium</strong></span> <span class='ocrx_word' id='word_1_216' title='bbox 1360 4398 1443 4461; x_wconf 89' lang='lat' dir='ltr'><strong>fores</strong></span> 
     </span>
    </p>
   </div>
   <div class='ocr_carea' id='block_1_7' title="bbox 237 4501 1441 4662">
    <p class='ocr_par' dir='ltr' id='par_1_19' title="bbox 237 4501 1441 4662">
     <span class='ocr_line' id='line_1_36' title="bbox 237 4501 1441 4590; baseline 0.003 -26"><span class='ocrx_word' id='word_1_217' title='bbox 237 4501 396 4568; x_wconf 86' lang='lat' dir='ltr'><strong>occludere</strong></span> <span class='ocrx_word' id='word_1_218' title='bbox 419 4507 514 4588; x_wconf 87' lang='lat' dir='ltr'><strong>atque</strong></span> <span class='ocrx_word' id='word_1_219' title='bbox 537 4525 692 4583; x_wconf 86' lang='lat' dir='ltr'><strong>reserare,</strong></span> <span class='ocrx_word' id='word_1_220' title='bbox 727 4509 861 4590; x_wconf 88' lang='lat' dir='ltr'><strong>postque</strong></span> <span class='ocrx_word' id='word_1_221' title='bbox 885 4503 956 4569; x_wconf 89' lang='lat' dir='ltr'><strong>illas</strong></span> <span class='ocrx_word' id='word_1_222' title='bbox 981 4504 1120 4568; x_wconf 88' lang='lat' dir='ltr'><strong>occlusas</strong></span> <span class='ocrx_word' id='word_1_223' title='bbox 1142 4525 1178 4568; x_wconf 91' lang='lat' dir='ltr'><strong>ac</strong></span> <span class='ocrx_word' id='word_1_224' title='bbox 1201 4505 1352 4568; x_wconf 81' lang='lat' dir='ltr'><strong>reseratos</strong></span> <span class='ocrx_word' id='word_1_225' title='bbox 1375 4507 1441 4568; x_wconf 88' lang='lat' dir='ltr'><strong>sta·</strong></span> 
     </span>
     <span class='ocr_line' id='line_1_37' title="bbox 1178 4607 1234 4662; baseline -0.018 0"><span class='ocrx_word' id='word_1_226' title='bbox 1178 4607 1234 4662; x_wconf 77' lang='lat'><strong>28*</strong></span> 
     </span>
    </p>
   </div>
   <div class='ocr_carea' id='block_1_8' title="bbox 0 0 1762 5322">
    <p class='ocr_par' dir='ltr' id='par_1_20' title="bbox 0 0 1762 5322">
     <span class='ocr_line' id='line_1_38' title="bbox 0 0 1762 5322; baseline 0 0"><span class='ocrx_word' id='word_1_227' title='bbox 0 0 1762 5322; x_wconf 95' lang='lat' dir='ltr'><strong> </strong></span> 
     </span>
    </p>
   </div>
  </div>
 </body>
</html>
