3442 5314
525 434 550 488 8.
577 432 710 488 Statuten
729 449 793 488 vom
813 434 838 488 9.
856 433 921 488 Okt.
941 433 1017 489 1477.
1328 440 1368 506 41

164 616 256 660 nosse
280 594 459 672 cuiuslibet,
483 597 639 678 quatenus
662 591 695 658 iu
718 614 774 657 sua
797 591 959 672 facultate,
984 593 1047 660 nisi
1062 593 1176 679 ydonei
1191 594 1231 658 ad
1252 596 1369 682 gradus

163 701 346 768 scolasticos
368 705 400 766 et
422 700 646 786 graduationes
670 699 799 764 honoris
822 721 859 764 ac
874 722 965 764 suum
982 700 1173 766 consortium
1197 699 1370 766 admittan-

163 809 216 872 tur
239 806 323 872 Ymo
346 806 448 872 solum
482 805 647 870 literarum
677 804 811 869 scientia
843 805 959 870 eruditi
986 807 1127 870 moribus
1149 806 1316 890 compositi
1338 810 1370 872 et

162 913 229 977 vita
250 912 392 989 honesti,
426 910 486 976 sub
516 931 598 994 pena
620 909 858 996 suspensionis,
895 932 989 993 quam
1014 910 1241 976 contrafaciena
1264 911 1370 995 eoipso

162 1015 283 1083 incidat
304 1038 402 1102 usque
424 1016 464 1080 ad
486 1037 658 1100 congruam
681 1018 713 1079 εὴ
735 1015 852 1080 realem
867 1016 1114 1081 satisfactionem
1129 1015 1209 1080 Corn
1232 1015 1368 1082 honora-

164 1121 261 1188 bilius
284 1121 326 1186 sit
349 1121 463 1186 habere
486 1142 601 1206 paucos
624 1118 780 1184 studiosos
795 1121 933 1204 ydoneos
957 1144 1051 1205 quam
1074 1120 1249 1205 permultos
1271 1119 1367 1186 mori-

163 1226 222 1291 bus
244 1227 433 1312 depraustos
457 1230 489 1290 et
511 1226 683 1311 imperitos

250 1331 403 1398 Volumus
426 1335 568 1417 preterea
590 1337 622 1396 et
643 1332 836 1410 ordinamus,
868 1333 951 1417 quod
974 1331 1114 1417 quelibet
1135 1331 1269 1397 facultm
1292 1351 1364 1394 suas

162 1437 463 1504 ordinationes
485 1440 518 1502 et
540 1440 711 1502 statuta
733 1437 896 1518 mnficiat,
921 1441 954 1502 et
976 1436 1060 1521 quod
1083 1435 1274 1501 uniuersitas
1301 1455 1365 1498 non

161 1541 358 1608 intromittat
379 1565 413 1608 se
434 1543 472 1607 de
487 1543 557 1621 biis,
582 1563 642 1628 que
657 1543 836 1628 specialiter
860 1543 899 1607 ad
915 1543 1057 1626 aliquam
1084 1542 1246 1626 pertinent
1268 1539 1367 1606 facul-

161 1649 261 1711 tatem
274 1645 347 1712 Nisi
369 1647 502 1712 facultas
524 1648 612 1732 prius
635 1647 788 1730 requisita
801 1647 954 1733 legitime,
979 1647 1097 1731 quouis
1112 1669 1185 1714 casu
1202 1646 1367 1732 negligens

161 1751 337 1836 reperiatur
358 1753 533 1818 monitione
556 1753 725 1837 premissa,
749 1775 785 1818 ea
807 1754 926 1820 etenim
957 1754 1024 1817 vice
1046 1757 1199 1838 poterunt
1219 1751 1281 1818 alie
1302 1756 1367 1817 tres

161 1856 330 1924 facidtates
352 1859 518 1942 prouidere
541 1865 573 1926 et
596 1858 789 1943 expedienda
804 1859 975 1926 terminare
992 1858 1158 1944 sagaciter.
1204 1857 1285 1924 Item
1301 1860 1366 1922 sta-

162 1962 281 2028 tuimus
304 1963 452 2029 similiter
475 1969 507 2030 et
530 1965 732 2040 ordinamus,
757 1965 841 2048 quod
864 1965 953 2030 nulla
975 1964 1133 2032 ordinatio
1156 1963 1368 2045 cuiuscunque

163 2067 326 2134 facultatis
348 2069 464 2136 habeat
485 2070 551 2136 vim
574 2092 627 2134 seu
650 2068 822 2136 efficaciam
845 2069 978 2155 ligandi,
1001 2071 1029 2134 si
1052 2069 1134 2154 quod
1158 2069 1197 2133 ad
1220 2067 1286 2134 eius
1309 2067 1366 2134 ob·

160 2174 354 2240 sementiam
377 2175 493 2260 aliquis
516 2175 696 2260 obligetur,
725 2176 788 2242 nisi
819 2176 908 2260 prius
930 2175 1027 2240 tuerit
1049 2196 1105 2259 per
1128 2173 1366 2242 uniuersitatem

160 2278 304 2364 legitime
325 2280 511 2365 approbata.
558 2278 710 2362 Quodque
725 2282 815 2346 nulla
830 2281 963 2346 facultas
979 2284 1135 2346 statutum
1156 2278 1366 2364 approbatum

159 2405 215 2467 per
237 2385 477 2450 vniueraitatem
499 2385 567 2450 sine
589 2384 676 2450 illius
700 2387 782 2452 scitu
805 2391 837 2452 st
859 2407 1013 2452 consensu
1035 2407 1192 2472 expresso,
1219 2405 1366 2450 reuocare

159 2489 260 2573 possit
280 2493 313 2553 et
334 2489 448 2568 valeat,
470 2490 513 2556 Et
534 2491 760 2559 nichilominus
783 2494 867 2578 quod
890 2517 948 2560 nec
963 2493 1150 2579 approbatio
1166 2513 1267 2575 neque
1289 2511 1364 2556 con-

158 2615 268 2660 sensus
290 2593 472 2660 huiusmodi
494 2597 635 2682 vigorem
658 2598 814 2676 habeant,
843 2603 1015 2684 antequam
1037 2599 1128 2683 copia
1150 2596 1310 2664 autentica
1332 2596 1366 2660 in

159 2719 352 2785 pergameno
374 2699 510 2766 fideliter·
527 2704 707 2789 conscripta
722 2705 867 2771 tradatur
883 2705 1084 2772 uniuersitati
1099 2704 1139 2770 ad
1155 2703 1222 2769 eius
1238 2702 1365 2768 arebam
1441 2769 1446 2777 ,

159 2824 359 2868 communem
382 2807 572 2890 reponenda
1168 2863 1171 2870 ·

244 2908 400 2976 Volumus
422 2910 571 2978 similiter
593 2914 764 2980 statuimus
788 2921 819 2982 et
843 2916 1046 2994 ordinamus,
1071 2916 1155 3000 quod
1178 2913 1373 2984 rniuersitas,

158 3014 322 3098 proprium
356 3014 472 3080 habeat
500 3017 672 3097 fiscum,
700 3021 778 3086 seris
809 3026 842 3086 et
865 3021 1006 3086 clauibus
1038 3021 1172 3086 diuersis
1194 3019 1364 3096 munitum,

158 3140 235 3203 quas
265 3120 368 3185 claues
398 3123 533 3204 quatuor
555 3123 744 3190 facultatum
767 3126 907 3191 habeant
931 3127 1062 3205 decani,
1096 3148 1154 3211 pro
1177 3123 1365 3212 reponendis

157 3223 250 3289 rebus
272 3223 423 3290 clenodiis
445 3226 552 3312 sigillo
575 3229 697 3306 maiori,
721 3231 863 3316 pecuniis
888 3235 983 3316 atque
1006 3231 1183 3317 priuilegiis
1208 3229 1362 3295 uniuersi-

156 3329 242 3394 tatis.
298 3331 521 3417 Singularibus
543 3339 650 3400 autem
673 3338 879 3404 facultatibus
903 3338 1014 3414 liceat,
1045 3337 1127 3420 quod
1163 3335 1304 3419 quelibet
1324 3334 1363 3398 de

156 3435 298 3500 custodia
319 3435 368 3500 sui
391 3438 511 3521 proprii
540 3439 606 3504 fisci
629 3440 675 3506 ita
706 3441 878 3525 prudenter
901 3441 1067 3525 prouideat
1095 3443 1191 3527 prout
1213 3439 1363 3504 damnum

156 3542 188 3602 et
209 3538 443 3606 incommodum
464 3563 521 3608 sua
543 3543 577 3608 in
600 3566 634 3608 re
657 3545 792 3612 voluerit
814 3547 949 3612 euitare.

242 3644 325 3712 Item
347 3648 517 3714 statuimus
540 3653 572 3714 et
596 3651 797 3731 ordinamus,
829 3652 912 3737 quod
937 3650 1076 3736 quelibet
1099 3648 1233 3714 facultas
1256 3648 1362 3732 (lispo-

157 3755 213 3815 uat
244 3750 282 3816 de
313 3751 431 3818 horis
461 3752 692 3822 lectionum
722 3762 818 3842 atque
840 3769 966 3824 actuum
992 3779 1140 3833 suorum,
1173 3755 1264 3820 modo
1287 3775 1362 3818 con·

156 3856 359 4023 qenientiori,
384 3880 446 3942 quo
468 3859 536 3924 fieri
563 3865 686 3945 potest,
717 3863 786 3928 sine
809 3863 982 3948 preludicio
1007 3862 1137 3928 alterius
1157 3860 1206 3926 vel
1229 3859 1360 3924 aliarum

172 3961 355 4026 acultatum.

242 4064 325 4132 Item
346 4067 516 4134 statuimus
531 4070 688 4152 similiter,
713 4074 797 4158 quod
813 4073 847 4138 in
871 4073 936 4137 dis
949 4071 1257 4158 putationibus
1281 4071 1363 4154 pub·

158 4169 226 4236 licis
258 4194 322 4238 non
352 4174 514 4258 agitentur
537 4175 690 4244 Doctores
725 4177 875 4265 Magistri
907 4182 939 4244 et
962 4176 1163 4243 Baccalaurei
1195 4175 1364 4261 proteruiis

157 4280 211 4342 aut
233 4278 399 4358 conuitiis,
435 4301 492 4346 uec
514 4281 648 4348 inuicem
674 4284 920 4370 immorigeratis
953 4283 1056 4348 verbis
1088 4288 1144 4348 aut
1166 4281 1309 4367 gestibus
1331 4303 1363 4346 se

158 4382 425 4467 exprobrentjaut
447 4386 609 4454 offendant
632 4389 691 4454 sub
713 4411 795 4473 pena
818 4390 907 4456 iuxta
929 4411 1101 4465 excessum,
1126 4408 1182 4474 per
1204 4387 1361 4454 vniuersi·

161 4489 258 4554 tatem
281 4488 462 4576 infligenda
503 4559 505 4566 Α
535 4553 539 4562 ,
