3504 5322
344 452 409 519 448
895 454 996 512 Bursae.

344 634 377 678 se
399 616 570 678 tractatum
593 613 771 692 existimet,
803 635 840 678 ea
863 615 900 679 de
923 637 956 684 re
979 617 1062 700 apud
1084 619 1383 702 praesidumvnum
1399 623 1553 708 conqueri

345 719 393 782 ius
415 719 525 802 itiaque
548 722 624 784 estc.
679 717 800 794 Quibus
831 720 859 783 si
889 741 1015 785 causam
1048 744 1138 786 suam
1168 727 1331 809 probarit,
1363 728 1493 794 illorum
1518 726 1553 792 in

345 827 487 888 autorem
511 822 635 888 iniuriae
658 824 895 890 animaduersio
918 826 988 891 erit.

903 999 992 1067 XVI.

432 1137 553 1206 Earum
585 1160 692 1204 rerum
725 1161 795 1223 quae
819 1161 944 1226 quoque
973 1145 1117 1226 tempore
1138 1144 1322 1229 perscriptae
1345 1145 1379 1210 in
1402 1144 1555 1212 charta

348 1270 367 1312 a
389 1247 516 1311 Decano
540 1245 638 1310 studii
663 1244 782 1309 artium
805 1249 837 1309 et
860 1245 990 1329 reliquis
1014 1247 1176 1333 magistris
1196 1250 1365 1334 propositae
1380 1254 1412 1316 et
1427 1255 1462 1314 vt
1476 1252 1557 1318 solet

348 1353 387 1416 ad
411 1351 520 1416 ianuas
544 1350 656 1434 templi
680 1350 900 1416 scholarumue
922 1351 1026 1416 affixae
1042 1348 1235 1430 fuerintne
1254 1355 1326 1438 quis
1348 1354 1476 1419 chartas
1500 1377 1550 1419 re-

349 1456 451 1522 fellito
474 1460 530 1520 aut
552 1456 677 1541 refigite
701 1477 738 1520 eo
762 1456 812 1520 die
836 1479 898 1540 quo
915 1456 1035 1523 tuerint
1050 1458 1220 1542 propositae
1235 1463 1405 1542 antequam
1428 1459 1476 1523 sol
1502 1481 1555 1523 oc·

348 1561 441 1626 cidat.
487 1560 548 1637 Qui
570 1561 679 1626 fecerit
703 1563 856 1627 mulctam
880 1562 996 1628 soluito
1019 1562 1229 1630 cruciatorum
1252 1563 1292 1630 V.

904 1735 1010 1802 XVII.

437 1875 622 1964 Quicunque
652 1879 686 1944 in
709 1879 898 1945 scholastica
919 1877 1139 1944 Vniuersitate
1168 1878 1231 1943 alia
1257 1879 1346 1963 prius
1372 1903 1437 1946 non
1459 1881 1557 1946 fuerit

350 2006 445 2070 quam
477 2006 510 2049 se
532 1985 593 2048 huc
616 1985 788 2070 reciperet,
824 1988 879 2048 aut
903 1985 957 2068 qui
981 1983 1077 2048 etiam
1099 1981 1212 2060 fuerit,
1244 1987 1276 2048 et
1298 1984 1556 2050 contubernalem

350 2095 457 2155 tamen
481 2089 658 2154 doctrinam
682 2090 821 2154 uoluerit
837 2089 1049 2173 frequentare,
1073 2111 1164 2154 suum
1188 2111 1333 2154 nomen
1354 2090 1450 2156 etiam
1473 2089 1558 2175 apud

351 2194 578 2258 Rectorem
609 2191 899 2259 Contubernii
929 2194 1089 2279 profiteri,
1123 2199 1155 2260 et
1184 2193 1342 2277 siquidem
1363 2194 1558 2260 decernenda

351 2321 408 2384 pro
433 2320 519 2363 more
541 2297 589 2362 illi
612 2298 738 2363 vexatio
764 2320 922 2364 nouorum
944 2299 1052 2378 fuerit,
1076 2299 1137 2364 hoc
1151 2303 1209 2376 est,
1232 2299 1259 2362 si
1282 2299 1413 2364 alterius
1434 2298 1557 2364 schola·

350 2406 437 2470 sticae
452 2404 680 2469 Vniuersitatis
705 2405 783 2470 ciuis
808 2427 871 2470 non
888 2405 940 2485 sit,
964 2403 1091 2469 Rectori
1106 2405 1228 2469 soluere
1250 2405 1404 2470 cruciatos
1420 2403 1485 2468 XII
1500 2405 1554 2469 de-

351 2511 449 2576 bebit.

889 2679 1013 2750 XVIII.

440 2826 650 2895 Interdictum
673 2828 821 2894 omnibus
846 2827 957 2912 quiin
981 2821 1196 2890 Contubernio
1221 2826 1393 2904 pascuntur
1416 2825 1492 2900 esto,
1517 2844 1557 2888 ne

352 2936 400 3000 sd
420 2957 600 2999 mensam
623 2934 711 2998 illam
737 2933 901 3017 imperitos
923 2932 1105 2997 litterarum
1122 2933 1153 2993 ct
1168 2952 1188 2993 a
1203 2928 1317 2993 studiis
1340 2929 1457 2993 nostris
1481 2928 1557 2993 alie-

353 3063 410 3106 uos
433 3045 632 3105 externos
662 3040 874 3104 introducant.
929 3037 990 3113 Qui
1012 3036 1124 3101 fecerit
1149 3056 1246 3100 vnum
1269 3033 1352 3097 diem
1375 3033 1408 3096 in
1431 3054 1555 3097 carcere

353 3146 542 3212 cohercetor.

421 3301 507 3389 ‘aaa
527 3333 629 3390 arcun
648 3335 721 3390 nach
739 3334 799 3400 xv,
819 3336 861 3390 21.
