3462 5314
728 449 812 508 lete.
1307 455 1369 518 477

257 607 438 692 Sequuntur
465 608 596 673 nomina
624 608 865 678 intitulatorum
894 610 928 673 iu
960 610 1072 693 quinto
1095 613 1254 676 rectoratu
1276 611 1371 676 huius

171 714 253 779 alme
275 712 314 778 V.
339 714 375 777 T.
406 714 465 779 sub
496 714 615 799 insigni
645 714 712 780 viro
735 715 779 780 Μ.
804 717 956 784 Jonrusn
982 711 1081 785 Srurn
1110 717 1147 780 de
1170 714 1374 782 Seborndorff

171 820 366 884 decretorum
388 818 514 884 doctore
536 842 556 883 a
582 819 664 884 festo
687 818 717 886 S.
752 819 833 888 bueo
855 843 900 887 ev.
925 845 953 888 a.
978 823 1007 888 d.
1027 828 1121 902 1419,
1144 844 1241 906 voque
1263 822 1302 888 ad
1324 820 1371 886 fe·

170 928 320 989 stamas.
346 923 429 987 Phil.
455 926 487 988 et
509 922 577 988 Jae.
601 947 673 1010 app.
698 947 725 990 a.
751 927 779 990 d.
808 931 899 992 1486.

195 1036 221 1093 l.
245 1027 407 1094 lohannes
437 1028 602 1112 Findysen
631 1030 669 1094 de
691 1011 842 1116 llbingen
865 1032 898 1097 in
922 1033 972 1100 die
993 1030 1077 1098 Luoe
1099 1031 1310 1116 ewangeliste.

192 1139 222 1200 2.
246 1134 399 1199 Melehior
421 1132 525 1198 Hiller
547 1134 585 1199 (11
607 1132 764 1221 Angusta
788 1135 872 1202 Luoe
894 1135 952 1202 Ev.

193 1243 223 1304 3.
247 1238 415 1306 Vdalrious
438 1237 568 1304 Sehbler
591 1239 628 1303 de
651 1238 891 1307 Denekendorff.
939 1245 981 1306 20
1004 1241 1160 1308 Octobris.

192 1351 222 1409 4.
247 1345 364 1410 Paulus
387 1344 550 1411 Pfefferlin
574 1345 611 1408 de
635 1343 858 1431 Otitertingen.
906 1350 945 1411 21
971 1345 1040 1412 Oct.

193 1454 222 1513 5.
248 1449 419 1536 Gregorius
442 1448 576 1515 Kromon
599 1450 636 1514 de
658 1449 876 1538 Sindelfingen
899 1451 997 1536 (bace.
1022 1452 1154 1538 Visun.)
1178 1455 1218 1516 22
1242 1449 1311 1516 Oet.

192 1559 221 1618 6.
246 1555 401 1620 Rudolfus
423 1554 664 1621 Westerstetter
686 1558 832 1642 armiger.
858 1560 898 1620 25
923 1556 992 1622 Oet.

195 1666 223 1724 7.
247 1659 286 1724 D.
299 1659 409 1744 Steph.
422 1659 507 1724 Zurn
530 1661 683 1745 plebanus
706 1662 740 1726 in
751 1661 920 1747 Moringen
942 1662 1027 1727 baee.
1040 1661 1215 1728 wienensis.
1245 1660 1367 1726 21061.

196 1769 226 1829 8.
250 1763 413 1830 lohannes
436 1764 605 1849 Hiltprant
628 1767 666 1831 de
689 1766 886 1852 Grttningen.
925 1767 975 1832 die
1000 1767 1176 1852 penultima
1198 1765 1268 1831 Oct.

194 1875 223 1934 9.
247 1869 410 1935 Johannes
433 1870 507 1935 Mur
529 1871 567 1935 de
589 1871 672 1936 Mur.
719 1879 749 1936 4.
774 1869 974 1937 Nouembris.

174 1980 223 2041 10.
247 1975 401 2062 Georgius
424 1975 615 2061 Bentuinger
638 1977 675 2041 de
698 1976 859 2062 Eltingen.
907 1981 925 2041 6
948 1974 1032 2042 Nou.

175 2087 223 2145 ll.
248 2080 395 2146 Mothous
417 2079 554 2167 Gienger
577 2081 615 2146 de
637 2081 741 2147 Vlma.
789 2087 808 2146 6
831 2080 914 2146 Nou.

174 2191 223 2249 12.
248 2185 413 2251 Zacharias
437 2185 575 2272 Gienger
596 2188 634 2252 de
659 2185 760 2252 Vlma.
808 2192 827 2252 6
853 2186 936 2252 Nou.

174 2295 223 2355 13.
249 2288 417 2356 Heinrleus
438 2288 574 2356 Stamler
606 2292 643 2357 de
666 2292 883 2357 Dornstetten.
938 2289 1062 2356 oNou.
1110 2288 1167 2355 Nil
1190 2289 1276 2354 dedit
1298 2289 1373 2372 quia

249 2417 379 2480 pauper.
425 2395 521 2460 Dedit
543 2396 666 2479 pedello
690 2401 709 2461 6
733 2397 761 2461 d.

179 2505 227 2565 14.
251 2498 413 2564 lohannes
436 2498 518 2564 Luta
540 2499 577 2564 de
601 2497 731 2565 Bulaeh.
780 2498 907 2566 9Nou.

176 2608 225 2668 15.
248 2603 427 2688 Stephanus
450 2603 559 2669 Keller
581 2605 619 2670 de
642 2604 855 2692 Horremberg
877 2606 973 2684 1161,
995 2604 1152 2671 Otbmari.

177 2713 225 2774 16.
249 2706 413 2774 lohannes
435 2708 551 2774 Blinok
574 2709 702 2794 (Linelr)
725 2711 763 2776 de
785 2711 941 2790 1111161,
968 2716 1106 2798 ooneept.
1132 2710 1241 2776 Mario.

177 2819 225 2908 11.
251 2814 444 2879 Wernberus
469 2813 693 2880 Werntzhuser
715 2815 753 2879 de
778 2815 968 2902 Gbppingen
991 2817 1057 2881 eod.
1082 2816 1141 2881 die.

177 2924 226 2985 18.
250 2918 363 2984 Petrus
375 2917 518 2983 Gemmel
532 2918 570 2983 de
602 2919 770 3006 Fridtperg
786 2921 851 2985 eod.
868 2921 927 2986 die.
972 2918 1029 2987 Nil
1045 2921 1132 2987 dedit
1147 2920 1225 3004 quia
1243 2942 1372 3004 pauper.

176 3031 225 3091 19.
250 3023 438 3090 Laurentius
460 3023 498 3088 de
521 3022 727 3090 Emershofen
750 3026 888 3112 armiger
911 3025 994 3091 bace.
1018 3025 1166 3112 Friburg.
1192 3025 1243 3090 die
1266 3021 1371 3089 Lucio.

174 3133 225 3194 20.
249 3128 399 3193 Albertus
423 3128 526 3193 Rbseh
549 3129 587 3194 do
610 3129 786 3216 Tuwingen
809 3132 842 3195 in
865 3130 977 3217 vigilia
999 3132 1099 3196 natio.
1124 3131 1206 3196 dom.

174 3345 225 3404 21.
250 3339 411 3405 Conradus
434 3337 518 3404 Haid
541 3339 579 3404 de
602 3339 697 3405 Oalw.
744 3341 827 3405 baec.
851 3339 1039 3406 basiliensis.
1077 3343 1096 3404 2
1120 3339 1193 3406 Jan.

176 3451 226 3510 22.
251 3444 369 3509 Paulus
384 3444 422 3509 de
436 3442 643 3509 Ptedersbaiu
664 3446 749 3510 baoo.
772 3449 915 3530 magunt.
941 3449 959 3509 3
977 3442 1049 3508 Jan.
1095 3442 1152 3508 Nil
1174 3443 1270 3522 dedit,
1293 3464 1371 3526 pau-

250 3572 306 3635 per
328 3555 360 3614 et
382 3550 519 3614 famulus
540 3549 584 3614 M.
609 3550 761 3616 Galtberi.
984 3615 986 3618 .

176 3660 226 3719 23.
252 3653 452 3720 Eberhardua
476 3653 607 3719 Gresser
629 3655 667 3719 de
689 3655 888 3740 Rotemburg
911 3653 944 3717 in
968 3653 1079 3739 vigilia
1100 3651 1216 3738 Epiph.

179 3765 229 3825 24.
253 3759 419 3826 Ludwious
443 3761 626 3826 Nuthabern
649 3761 687 3826 de
710 3761 868 3846 Balingen
892 3759 1057 3845 presbyter
1083 3763 1122 3822 18
1146 3757 1218 3823 Jan.

176 3870 227 3930 25.
252 3863 414 3930 Johannes
437 3866 598 3932 Molitoris
621 3867 659 3930 de
681 3867 954 3950 Mandraehingon
977 3865 1027 3929 die
1049 3864 1259 3930 Sebastiani..

175 3976 226 4036 26.
250 3971 400 4038 Nioolaus
418 3972 527 4058 Mayer
551 3975 589 4038 de
604 3972 811 4039 Obernbusen
829 3970 946 4057 penult.
964 3969 1036 4035 Jan.
1075 3966 1133 4033 Nil
1156 3969 1242 4035 dedit
1256 3990 1376 4054 pauper

42 4132 44 4136 .
253 4078 392 4143 famulus
415 4078 458 4143 M.
483 4077 594 4164 Helye.
1483 4155 1484 4160 γ

175 4187 225 4247 27.
249 4181 400 4248 Nicotaus
425 4181 587 4248 Curritieis
609 4184 647 4248 de
670 4182 906 4268 Herbertingen
928 4183 1014 4248 baec.
1039 4179 1185 4264 lbiburg.
1220 4185 1239 4242 4
1262 4178 1351 4244 Febr.

176 4293 227 4352 28.
257 4287 421 4354 lohannes
444 4288 651 4354 Emendorfer
674 4288 713 4353 de
734 4286 960 4366 Esehembaeb‚
987 4289 1026 4350 10
1050 4285 1140 4350 Febr.

245 4445 268 4501 1.
289 4446 324 4499 Μ.
345 4447 377 4498 A.
398 4446 473 4500 1485.
493 4477 526 4485 -
547 4447 571 4500 3.
591 4443 627 4499 M.
641 4444 673 4498 A.
695 4444 770 4501 1486.
790 4473 823 4483 -
841 4445 866 4498 4.
886 4442 924 4496 M.
942 4442 974 4495 A.
998 4441 1074 4497 1483.
1095 4471 1126 4480 -
1147 4443 1172 4496 5.
1191 4441 1227 4495 M.
1247 4441 1280 4494 A.
1301 4440 1378 4498 1496.

177 4567 205 4579 ·-
230 4533 271 4589 17.
289 4529 384 4587 Keller
401 4531 432 4585 in
449 4529 624 4602 Gbppingen.
643 4561 675 4571 ·-
695 4531 738 4586 28.
757 4531 794 4586 M.
813 4531 845 4586 A.
866 4530 943 4587 1484.
