3460 5314
682 509 797 566 statua
816 510 892 566 1539.
1324 517 1387 580 289

197 669 299 732 sancti
321 667 507 752 implorent,
536 668 658 734 Deinde
687 670 852 736 materiem
884 668 1016 733 ulterius
1038 670 1073 734 iu
1095 672 1389 758 examineprogre·

197 773 303 838 diendi
325 777 420 858 amus
441 775 666 860 respondendi,
699 775 808 840 uelut
830 779 957 852 uocant,
980 772 1303 859 punctassandidatis
1325 767 1389 843 dis-
1489 769 1510 800 “

196 879 341 944 tribuant
373 885 405 946 ct
434 880 608 965 designent.
666 880 785 956 Quibus
814 880 860 944 ita
889 879 1025 964 peractis
1047 878 1191 946 Decanus
1219 883 1390 967 unicuique

92 979 95 984 ’
196 983 326 1050 Doctori
359 988 540 1064 materiam,
572 988 610 1052 de
632 1009 695 1070 qua
715 985 835 1069 inquiri
858 985 965 1063 debet,
998 989 1030 1050 et
1052 987 1119 1049 tam
1141 985 1261 1068 locum,
1296 1010 1391 1072 quam

196 1095 322 1176 tempus
344 1096 376 1156 et
397 1091 505 1157 horam
529 1093 682 1157 examinis
696 1091 883 1177 significato,
907 1095 939 1156 et
960 1095 998 1156 ut
1017 1091 1062 1154 ibi
1077 1091 1172 1155 simul
1188 1093 1389 1174 conueniant,

197 1219 255 1281 per
277 1195 463 1261 duramenta
485 1220 542 1262 sua
563 1197 770 1262 admonentur
792 1200 824 1260 et
848 1200 1010 1261 uocantor.
1220 1281 1221 1284 Ἴ

285 1307 314 1367 2.
337 1301 481 1367 Decanus
503 1303 598 1368 etiam
620 1326 640 1367 a
662 1301 851 1378 candidato,
883 1323 978 1385 quam
1006 1302 1143 1386 primum
1167 1301 1321 1368 admissus
1344 1307 1392 1368 est

198 1408 239 1472 ad
261 1429 430 1472 examen
446 1407 675 1491 priuatum,
698 1407 863 1493 pecuniam
880 1405 1068 1472 Doctoribus
1083 1429 1141 1491 pro
1156 1408 1273 1488 labore,
1297 1429 1391 1492 quem

198 1513 234 1576 in
257 1512 449 1597 explorando
471 1513 570 1598 ipsius
593 1513 721 1598 ingenio
743 1513 869 1597 capient
892 1512 1047 1590 debitam,
1074 1512 1113 1577 ad
1136 1535 1168 1577 se
1190 1513 1304 1597 deponi
1326 1515 1392 1578 exi-

199 1617 280 1703 gito.
326 1617 471 1684 Caeteros
493 1622 599 1682 autern
620 1619 780 1703 impensas
804 1619 1041 1703 quibuscunque
1063 1617 1202 1695 debitas,
1235 1619 1297 1682 nisi
1320 1622 1394 1682 ante

199 1704 430 1808 promotionem
451 1724 611 1807 publicam
633 1745 690 1808 per
712 1724 820 1790 omnia
841 1723 1027 1801 emoluerit,
1058 1723 1232 1808 promotori
1263 1723 1394 1789 titulum

199 1828 228 1892 ei
250 1829 392 1893 conferre
414 1829 605 1913 prohibetor.

287 1939 317 1998 3.
342 1934 528 2020 Priusquam
551 1939 725 2000 conuentus
756 1958 814 2020 pro
842 1935 1065 2002 distributione
1093 1932 1248 1999 honorum
1271 1932 1396 2018 publice

205 2039 386 2117 celebretur,
411 2038 577 2104 Candidati
600 2040 628 2103 si
649 2040 715 2103 sint
737 2039 852 2124 plures,
877 2061 932 2124 per
947 2038 1109 2104 Decanum
1130 2039 1168 2103 de
1190 2039 1397 2104 locatione

205 2145 420 2223 conciliantur,
443 2149 480 2210 ut
494 2145 571 2209 ordo
585 2144 800 2228 inscriptionis
815 2147 900 2210 inter
914 2167 966 2210 eos
980 2149 1064 2210 recte
1079 2145 1269 2222 obsemetur.
1302 2143 1397 2209 Curet

203 2251 239 2314 in
261 2251 329 2314 die
351 2249 499 2316 Iuonis
523 2251 633 2315 haberi
656 2251 831 2316 orationem
858 2252 892 2316 in
925 2251 1049 2315 laudem
1072 2253 1177 2337 legum
1199 2254 1254 2314 aut
1279 2248 1396 2327 lucris,

202 2360 235 2419 et
256 2356 433 2421 inuitentur
448 2355 486 2419 ad
509 2357 677 2439 prandium
694 2355 843 2421 Doctores
858 2379 929 2421 curn
945 2356 1093 2422 studiosis
1108 2355 1130 2420 J
1132 2357 1196 2420 uris
1211 2359 1245 2420 et
1265 2355 1396 2439 pradello,

203 2465 237 2524 et
258 2465 384 2525 tantum
416 2461 481 2525 sint
514 2462 554 2526 ad
583 2461 642 2525 hoc
674 2460 792 2525 festum
823 2460 1014 2546 professores
1037 2459 1125 2526 Juris
1148 2459 1304 2544 asymboli
1327 2481 1398 2524 cum

207 2561 335 2631 Oratore
358 2571 390 2632 et
411 2566 542 2650 pedello.

519 2739 577 2807 De
598 2742 861 2809 lectionibus
884 2747 924 2808 et
945 2743 1081 2827 ferijs.

290 2880 457 2961 Doctores,
480 2887 517 2948 ut
538 2883 696 2948 ordinarie
719 2885 850 2950 doceant
866 2884 1012 2950 mnducti
1028 2884 1166 2970 singulis
1188 2881 1296 2946 diebus
1319 2880 1400 2965 pub-

205 2988 267 3052 lice
288 3011 384 3054 unam
406 2988 573 3053 lectionem
595 2988 674 3054 bora
707 2990 880 3054 constituta
904 2989 967 3053 sibi
989 2990 1023 3052 in
1046 2987 1203 3053 auditorio
1224 2987 1312 3053 duris
1335 2986 1400 3050 sin-

205 3093 274 3179 guli
296 3094 510 3180 praelegunto‚
534 3095 670 3180 demptis
692 3095 892 3160 vacationum
907 3095 1108 3161 arteriarum
1124 3095 1243 3174 diebus,
1267 3114 1400 3177 quorum

207 3199 377 3286 Catalogus
399 3199 449 3264 his
466 3200 617 3283 sequitur.

427 3375 713 3440 Vacationum
736 3374 833 3440 haec
855 3379 956 3439 sunt
978 3379 1181 3459 tempora.

293 3515 324 3580 A
347 3514 468 3602 Vigilia
490 3515 629 3581 Thomas
650 3515 797 3600 Apostoli
818 3537 917 3600 usque
939 3516 978 3580 ad
1001 3513 1199 3599 Epiphaniae
1221 3514 1312 3578 diem.

295 3619 346 3682 Ab
369 3619 447 3684 Fato
470 3622 550 3686 mihi
572 3642 670 3705 usque
692 3621 732 3685 ad
753 3619 951 3685 Dominicam
974 3619 1147 3685 Inuocauit

297 3725 327 3789 A
350 3725 471 3811 Vigilia
493 3725 674 3792 Palmarum
696 3748 795 3810 usque
817 3726 856 3790 ad
878 3731 1004 3791 octauas
1027 3725 1199 3792 Paschatis.

294 3830 324 3894 A
347 3830 468 3918 Vigilia
490 3831 687 3898 Pentecostes
710 3855 808 3917 usque
831 3833 870 3897 ad
893 3831 1021 3898 Festum
1046 3831 1222 3897 Trinitatis.

299 3935 360 4000 His
382 3938 442 4002 duo
466 3938 500 4001 in
522 3939 657 4024 singulis
679 3937 839 4004 Nundinis
861 3938 927 4004 dies
949 3939 1129 4006 accedunto.

297 4042 328 4106 A
350 4047 440 4108 sexta
461 4043 512 4108 die
535 4042 615 4130 Juljj
639 4067 740 4129 usque
762 4044 800 4109 ad
825 4044 977 4110 decimam
998 4043 1138 4129 Augusti
1162 4063 1219 4126 pro
1241 4037 1405 4106 Canicula-

206 4147 304 4212 ribus.

210 4355 222 4422 1
295 4253 325 4317 A
348 4254 428 4320 festo
451 4255 613 4321 Michaelis
636 4278 734 4340 usque
758 4255 797 4322 ad
820 4254 894 4320 Diui
917 4253 1019 4320 Lucae
1042 4253 1124 4318 diem
1147 4272 1205 4336 pro
1220 4249 1405 4316 Vindemia·

224 4358 304 4423 ibus.

296 4463 357 4529 His
380 4465 530 4531 accedunt
555 4466 646 4544 festa,
670 4487 750 4550 quae
772 4470 926 4532 uocantur
948 4461 1091 4549 collegii
1115 4459 1270 4526 Diuorum

338 4569 523 4636 Sebastiani.
571 4570 724 4657 Gregorij.
770 4571 913 4637 Oonradi.

262 4690 395 4733 Urkunden
410 4692 640 4744 caturcorum.
1165 4673 1197 4726 19
1237 4656 1239 4664 .
