3504 5322
553 474 686 528 Statuten
704 471 752 524 dea
771 471 1003 526 Contuberniums
1025 473 1100 526 15:36.
1359 473 1420 535 431

220 635 376 720 largietur
399 633 651 699 adolescentibus
675 630 755 706 illis,
787 629 901 712 quibus
930 629 992 693 hoc
1018 629 1193 693 vexationis
1219 650 1334 694 munus
1357 631 1425 714 ipse

224 739 414 803 attribuerit.
461 737 633 822 Reliquum
664 734 796 818 collegio
827 735 1053 820 magistrorum
1085 736 1292 800 conseruabit.
1339 734 1423 800 Nam

224 865 355 908 comune
378 843 439 906 erit
465 843 616 906 omniurn.

321 947 451 1012 Videbit
483 948 565 1012 idem
595 946 710 1010 Rector
741 944 841 1008 aedes
872 941 1121 1009 Contubernales
1154 949 1189 1008 vt
1219 949 1303 1009 sarte
1336 949 1427 1011 tectae

224 1057 413 1138 prestentur,
438 1057 474 1117 vt
496 1052 602 1116 debito
625 1055 767 1133 tempore
790 1049 976 1112 obserentur
998 1054 1030 1112 et
1047 1049 1235 1133 pandantur.
1276 1049 1333 1114 Sed
1355 1073 1424 1115 cunr

223 1157 325 1221 bieme
347 1157 460 1222 clausae
482 1157 603 1221 fuerint
625 1161 719 1219 uoetu
742 1154 821 1217 hora
844 1151 890 1216 IX
913 1157 1023 1217 aestate
1046 1176 1118 1218 vero
1141 1153 1187 1233 X,
1222 1159 1331 1239 postea
1364 1157 1426 1220 nisi

223 1261 411 1346 grauissimo
435 1267 467 1327 et
488 1264 582 1347 plane
605 1259 778 1325 necessario
801 1280 874 1323 casu
897 1280 961 1322 non
993 1259 1226 1324 reserabuntur.

312 1365 360 1431 De
383 1367 514 1453 lignis
544 1371 576 1430 et
606 1365 676 1429 aliis
704 1363 889 1428 necessariis
912 1363 1005 1428 rebus
1029 1364 1244 1429 Contubernio
1267 1387 1323 1430 suo
1347 1386 1424 1448 quo-

224 1493 284 1555 que
307 1475 448 1556 tempore
471 1471 661 1557 prouidebit.
708 1469 746 1533 lu
770 1469 1066 1552 delinquentes
1096 1470 1265 1534 secundum
1288 1469 1373 1554 leges
1395 1474 1427 1534 et

223 1581 353 1640 statuta
377 1575 623 1641 Contubernalis
655 1575 895 1639 animaduertat.
952 1574 1028 1651 Quae
1062 1580 1095 1639 et
1140 1575 1206 1657 ipse
1241 1573 1425 1651 solenniter,

224 1685 298 1746 ante
328 1683 555 1767 inspectionem
580 1681 723 1746 Rectoris
747 1679 975 1744 Vniuersitatis
1007 1680 1119 1745 ineolis
1150 1679 1292 1764 proleget
1325 1683 1356 1742 et
1386 1681 1426 1743 ab

227 1787 291 1851 illis
315 1787 526 1852 obedientiam
550 1792 581 1851 et
604 1787 870 1862 moderationem,
900 1789 934 1849 vt
957 1785 1026 1849 fieri
1050 1786 1231 1861 consueuit,
1256 1785 1425 1868 instipula-

227 1891 323 1958 bitur.
363 1891 570 1956 Mercedes
593 1889 911 1956 habitationum
939 1892 1060 1976 exiget,
1097 1893 1128 1954 et
1155 1894 1279 1955 exactas
1311 1889 1427 1954 inferet

225 1995 456 2062 Vniuersitatis
480 1998 573 2062 huius
596 1996 710 2062 scholae
731 1997 859 2076 aerario,
891 1996 1070 2061 rationibus
1092 1995 1131 2060 ad
1155 1994 1316 2060 Sindicum
1341 1995 1427 2059 illius

225 2101 343 2181 relatis,
368 2101 565 2188 singulorum
590 2103 788 2168 semestrium
812 2101 915 2188 primo
939 2124 1063 2187 quoque
1085 2123 1200 2167 mense.

267 2296 371 2381 Caput
393 2296 449 2360 lV.
487 2296 543 2361 De
567 2297 787 2382 Magistris
810 2296 1045 2380 stipendiis
1067 2294 1383 2359 Vniuersitatis

266 2400 386 2465 huius
418 2400 579 2465 scholae
602 2403 648 2467 ad
683 2401 809 2467 bonas
839 2406 951 2466 artes
980 2400 1147 2485 publice
1176 2399 1382 2465 docendas

708 2507 937 2573 conductis.

311 2641 598 2712 Conuentores
631 2648 789 2732 quondam
820 2652 853 2713 et
881 2647 1132 2734 collegiatus
1167 2646 1215 2710 sui
1247 2643 1342 2711 seculi
1367 2665 1426 2711 no-

222 2749 362 2814 minibus
379 2749 501 2833 aliquos
517 2753 686 2837 magistros
702 2753 817 2818 dixere.
865 2753 933 2820 Hoc
956 2753 1183 2839 collegium
1207 2752 1423 2837 accipiendum

223 2876 330 2918 eorum
354 2857 591 2941 magistrorum,
615 2859 669 2943 qui
692 2881 816 2944 quoque
837 2863 978 2944 tempore
1002 2857 1149 2924 conducti
1165 2855 1284 2920 fixerint
1300 2856 1422 2940 stipen-

223 2958 282 3021 diis
306 2943 533 3024 Vnixiersitatis
570 2961 664 3028 huius
693 2964 807 3030 scholae
837 2965 875 3029 ad
904 2965 1003 3030 bonas
1034 2969 1117 3028 artes
1148 2962 1182 3026 in
1210 2961 1425 3027 Contubernio

224 3061 385 3127 docendas.
433 3063 476 3128 Hi
499 3063 665 3133 Rectorem
698 3072 850 3152 tanquam
880 3068 1056 3154 principem
1081 3066 1208 3152 collegii
1228 3069 1277 3132 sui
1301 3075 1425 3152 specta-

222 3167 303 3231 bunt
326 3172 358 3232 et
382 3169 503 3248 colent,
536 3171 755 3255 parabantque
786 3172 922 3237 eiusdem
946 3172 1093 3237 omnibus
1116 3173 1208 3236 iussis
1232 3173 1422 3237 convenien-

223 3269 309 3336 tibus
333 3272 372 3335 ad
396 3276 517 3337 statuta
540 3278 571 3338 et
594 3273 680 3360 leges
702 3276 953 3341 contubernales.
1001 3277 1140 3362 Impium
1170 3277 1286 3342 ducent
1313 3277 1425 3342 aduer-

222 3395 275 3438 sus
303 3374 387 3441 hunc
410 3378 491 3442 clam
514 3379 661 3462 palamue
684 3379 851 3444 consilium
878 3385 933 3444 aut
962 3384 1085 3444 coetum
1118 3380 1242 3445 habere.
1291 3381 1424 3446 Aedium

222 3479 284 3562 ipsi
316 3480 420 3546 nullas
450 3482 554 3546 claues
585 3483 733 3550 habento.
780 3485 939 3549 Aduocati
970 3485 1145 3550 aRectore
1168 3508 1223 3550 suo
1247 3484 1353 3552 sedulo
1376 3509 1425 3550 as-

222 3589 324 3650 sunto.
379 3586 458 3652 Suas
487 3587 582 3654 horas
614 3589 648 3654 in
682 3589 820 3655 docendo
852 3589 960 3655 sedulo
991 3589 1135 3655 obibunt.
1191 3589 1425 3675 Discipulorum

222 3687 478 3774 improbitatem,
503 3694 748 3780 negligentiam,
783 3695 862 3759 vitia
885 3697 974 3761 nulla
996 3697 1099 3762 ferent
1122 3695 1299 3783 impunita,
1332 3702 1427 3781 atque

222 3814 293 3856 cum
317 3796 525 3881 castigatione
548 3821 604 3863 sua
627 3798 709 3863 nihil
733 3801 883 3884 proficere
907 3824 939 3865 se
963 3802 1130 3879 senserint,
1154 3801 1314 3886 improbos
1342 3803 1425 3885 apud

221 3901 356 3980 quatuor
387 3902 469 3966 viros
502 3901 654 3969 Praesides
685 3905 913 3986 Contubernii,
947 3907 1120 3993 flagitiosos
1150 3909 1232 3993 apud
1258 3907 1424 3976 Rectorem

222 4000 449 4070 Vniuersitatis
471 4007 565 4071 huius
589 4009 703 4075 scholae
725 4012 925 4078 accxrsabunt.
977 4011 1156 4097 Discipulos
1183 4011 1345 4079 habebunt
1367 4039 1422 4100 pa·

221 4106 299 4170 riter
321 4107 524 4190 distributoS,
557 4114 607 4179 vel
635 4122 719 4181 sorte
750 4118 800 4182 xel
827 4140 1025 4204 quacumque
1047 4119 1177 4183 ratione.
1224 4117 1361 4204 Quaeque
1383 4122 1424 4186 il·

221 4345 342 4402 aonderu
362 4349 433 4403 nach
449 4351 568 4416 Golden,
587 4353 693 4410 Batzen
711 4357 885 4428 (triobolum)
904 4360 960 4414 und
971 4360 1099 4414 Kreuzer.
1125 4357 1219 4412 Uuten
1238 4358 1299 4414 sind
1318 4359 1426 4422 denarii

220 4437 334 4577 {1133ng
359 4436 477 4491 Kreuzer
504 4439 563 4495 also
585 4441 804 4513 Achtelsguldcn
833 4447 977 4512 orwthnt,
1013 4445 1188 4516 abgarundet
1216 4465 1248 4499 zu
1270 4451 1286 4502 8
1307 4447 1426 4505 Kreuaer
