3464 5318
346 456 388 519 96
698 453 738 508 16.
757 451 838 508 Bulla
857 452 1031 508 Alexanders
1049 453 1089 508 Vl
1109 452 1185 507 1492.

346 613 456 698 queuis
479 612 639 677 occasione
662 613 710 676 vel
734 613 933 690 causantis,
959 613 986 677 si
1009 612 1122 697 quibus
1151 615 1388 698 quomodolibet
1409 619 1542 684 innoda-

345 723 396 782 tus
419 717 583 794 existebat,
607 718 645 781 ad
670 718 818 782 effectum
840 717 926 782 infra
948 719 1139 801 scriptorum
1161 719 1329 786 dumtaxat
1351 744 1545 808 consequen-

345 824 419 888 dum
443 824 613 888 absoluens
636 826 669 887 et
691 823 873 887 absolutum
895 823 965 888 fore
980 845 1118 902 censens,
1141 823 1323 892 huiusmodi
1339 829 1545 913 supplicatio·

344 928 438 992 nibus
472 929 643 993 inclinatus
672 928 731 992 sub
761 929 835 992 dato
865 949 1021 994 nonarum
1044 927 1125 994 Julii
1153 931 1357 1014 pontificatus
1379 934 1428 998 sui
1450 933 1546 999 Anno

345 1037 456 1098 octauo
476 1033 486 1070 ¹
512 1034 670 1118 prefatum
694 1033 915 1098 Eberhardum
931 1033 1085 1098 Comitem
1109 1033 1147 1098 ad
1170 1035 1269 1120 ipsius
1293 1039 1491 1105 concordiam
1514 1045 1547 1105 et

344 1140 616 1204 confirmationem
645 1140 800 1224 predictas
832 1140 865 1203 in
895 1139 1068 1223 pristinum
1101 1144 1132 1203 et
1162 1161 1234 1204 eum
1256 1146 1393 1222 statum,
1424 1145 1459 1209 in
1483 1167 1545 1230 quo

345 1250 418 1310 ante
440 1246 511 1310 illas
534 1244 770 1329 quomodolibet
793 1245 956 1322 existebat,
980 1244 1168 1331 auctoritate
1198 1247 1371 1330 apostolica
1400 1272 1438 1315 cx
1460 1254 1546 1316 certa

344 1351 477 1416 scientia
498 1351 639 1436 plenarie
656 1349 797 1414 restituit
813 1349 954 1435 reposuit
968 1353 1001 1413 et
1016 1350 1233 1435 reintegrauit.
1280 1351 1322 1418 Et
1337 1354 1545 1419 nihilominus

344 1478 402 1541 pro
425 1456 543 1541 potiori
566 1455 690 1520 cautela
714 1455 762 1518 ius
785 1457 971 1538 patronatus
994 1453 1175 1519 huiusmodi
1198 1461 1230 1520 et
1252 1460 1453 1540 presentandi
1477 1459 1542 1524 lto-

344 1583 438 1627 mano
470 1560 612 1645 pontifici
647 1581 705 1644 pro
739 1565 880 1643 tempore
909 1560 1058 1625 existenti
1088 1562 1126 1625 ad
1149 1563 1280 1626 eandem
1303 1563 1544 1648 preposituram,
1631 1571 1633 1576 '

345 1669 490 1755 quotiens
518 1668 606 1732 illam
637 1689 675 1731 ex
704 1669 782 1730 tunc
812 1667 957 1750 deinceps
991 1687 1101 1730 vacare
1133 1666 1348 1751 contingeret,
1381 1691 1546 1752 personam

345 1777 500 1862 ydoneam
528 1773 687 1838 doctorem
718 1771 767 1836 vel
790 1771 990 1836 licentiatum
1018 1771 1053 1834 in
1076 1770 1183 1855 aliqua
1209 1773 1363 1857 superiori
1386 1773 1545 1852 facultate,

344 1884 401 1968 qui
423 1881 461 1946 ad
485 1879 659 1964 regendum
681 1877 802 1942 dictum
825 1875 1071 1941 Cancellariatus
1096 1875 1243 1941 Officium
1270 1877 1402 1943 idoneus
1425 1881 1457 1943 et
1478 1878 1546 1943 suf·

344 1989 451 2054 ficiens
474 1986 574 2063 foret,
606 1982 789 2048 Eberhardo
821 1981 946 2064 suisque
969 1979 1135 2046 heredibus
1164 1985 1197 2044 et
1218 1982 1446 2046 successoribus
1469 1983 1547 2048 dicti

346 2093 433 2178 opidi
455 2090 591 2156 dominis
623 2111 681 2173 pro
712 2091 855 2169 tempore
883 2083 1091 2149 existentibus
1121 2083 1272 2168 predictis
1302 2088 1335 2150 in
1359 2089 1546 2171 perpetuum

345 2201 383 2264 de
405 2220 489 2264 nouo
511 2197 620 2261 eadem
635 2193 825 2259 auctoritate
841 2191 1016 2256 reseruauit
1037 2190 1191 2256 concessit
1205 2194 1238 2254 et
1252 2191 1437 2278 assignauit.
1473 2190 1546 2255 Non

345 2303 544 2370 obstantibus
573 2298 736 2386 premissis
767 2319 804 2361 ac
826 2294 1108 2361 constitutionibus
1132 2299 1164 2358 et
1186 2293 1448 2360 Ordinationibus
1471 2317 1546 2379 apo-

344 2409 464 2475 stolicis
487 2428 610 2472 necnon
633 2402 796 2488 quibusvis
819 2399 1007 2484 specialibus
1030 2399 1079 2462 vel
1102 2398 1302 2483 generalibus
1325 2399 1547 2465 reseruationi·

344 2516 402 2580 bus
426 2515 462 2578 de
478 2511 688 2598 dignitatibus
703 2505 935 2592 principalibus
958 2504 991 2568 in
1008 2504 1184 2588 collegiatis
1207 2504 1344 2570 ecclesiis
1366 2528 1422 2592 per
1437 2505 1548 2572 Sedem

345 2619 550 2705 apostolicam
573 2616 746 2702 predictam
774 2633 832 2696 pro
855 2615 997 2694 tempore
1012 2609 1104 2674 factis
1120 2609 1248 2674 statutis
1273 2633 1397 2694 quoque
1419 2616 1451 2676 et
1474 2633 1548 2676 oon-

348 2724 567 2792 suetudinibus
591 2723 673 2788 dicte
695 2718 822 2785 ecclesie
845 2717 1021 2780 iuramento
1045 2715 1283 2782 confirmatione
1305 2717 1478 2802 apostolica
1499 2717 1549 2782 vel

346 2832 455 2915 quauis
479 2829 541 2893 alia
563 2827 715 2890 firmitate
738 2824 896 2888 roboratis
920 2821 1093 2905 ceterisque
1107 2822 1274 2886 contrariis
1297 2822 1544 2908 quibuscunque.

432 2935 481 3000 Ne
504 2939 607 2998 autem
630 2931 668 2995 de
690 2928 889 2994 absolutione
911 2925 1104 3010 repositione
1131 2925 1379 3012 reintegratione
1402 2949 1543 2991 reserua-

345 3044 431 3107 tione
461 3037 659 3104 concessione
689 3039 721 3098 et
753 3032 970 3118 assignatione
999 3031 1159 3116 premissis
1189 3053 1246 3115 pro
1276 3055 1312 3098 eo
1347 3033 1429 3118 quod
1452 3054 1547 3116 super

345 3149 409 3213 illis
432 3147 531 3231 ipsius
553 3141 779 3228 predecessoris
803 3139 884 3224 (eius
908 3138 1149 3222 superueniente
1168 3137 1269 3222 obitu)
1294 3139 1385 3202 litere
1406 3137 1545 3202 confecta

345 3275 408 3317 non
432 3250 561 3328 fuerint,
586 3271 650 3314 non
673 3247 776 3310 valeat
799 3243 1035 3329 quomodolibet
1058 3242 1209 3320 hesitari3
1234 3244 1362 3328 ipseque
1385 3241 1543 3307 Eberhar-

345 3359 402 3422 dus
425 3357 534 3422 Comes
567 3355 695 3420 illarum
726 3372 790 3414 non
821 3350 993 3414 frustretur
1016 3350 1145 3426 effectu,
1178 3348 1322 3414 volumus
1345 3370 1383 3412 ex
1406 3347 1546 3432 predicta

345 3465 538 3528 auctoritate
559 3459 765 3534 decernimus,
789 3456 872 3540 quod
895 3455 1051 3519 absolutio
1074 3455 1237 3520 restitucio
1253 3454 1405 3538 reposicio
1429 3453 1547 3518 reinte-

337 3570 451 3655 gratio
474 3567 646 3632 reseruatio
668 3566 828 3631 concessio
854 3570 887 3630 et
909 3563 1082 3649 assignatio
1105 3564 1244 3648 predicte
1268 3562 1398 3646 perinde
1421 3585 1440 3626 a
1463 3560 1547 3624 dicta

345 3677 395 3740 die
426 3696 582 3739 nonarum
612 3673 690 3738 Julii
722 3695 813 3736 suum
843 3672 1016 3735 sortiantur
1050 3669 1215 3746 effectum,
1248 3689 1283 3731 ac
1317 3666 1343 3731 si
1366 3685 1461 3750 super
1483 3665 1548 3728 illis

346 3783 485 3847 eiusdem
500 3779 725 3865 predecessoris
742 3778 832 3842 litere
849 3777 908 3840 sub
925 3775 1061 3840 eiusdem
1079 3775 1141 3839 diei
1158 3775 1231 3839 dato
1247 3771 1387 3837 confecte
1401 3771 1547 3847 fuissent,

345 3891 438 3973 provt
468 3887 611 3971 superius
640 3889 825 3959 enarratur,
860 3882 1007 3966 quodque
1038 3884 1199 3965 presentes
1228 3878 1319 3942 litere
1349 3877 1388 3940 ad
1410 3877 1548 3960 proban-

346 3995 421 4058 dum
442 3993 534 4077 plene
556 3990 788 4055 absolutionem
812 3987 1048 4052 restitucionem
1071 3986 1298 4070 reposicionem
1325 3981 1549 4066 reintegratio-

345 4122 419 4165 nem
440 4098 687 4164 resernacionem
710 4094 942 4161 concessionem
966 4096 999 4156 et
1021 4092 1267 4178 assignationem
1296 4087 1453 4172 predictas
1476 4085 1547 4151 vbi-

345 4227 405 4290 que
434 4204 611 4280 sufficiant3
643 4223 700 4266 nec
730 4202 769 4266 ad
799 4201 831 4264 id
863 4199 1060 4284 probationis
1083 4197 1214 4262 alterius
1247 4193 1473 4258 adminiculum
1497 4214 1546 4256 re·

344 4311 500 4412 quiratur.

415 4537 426 4594 1
448 4539 472 4596 7.
491 4533 550 4590 Juli
570 4535 645 4601 1492,
666 4551 713 4590 am
734 4537 774 4594 15.
792 4533 872 4591 starb
892 4529 1052 4591 Bonifacius
1071 4527 1146 4586 VIII.
