3504 5322
511 454 643 512 Statuten
662 453 709 512 des
729 457 963 514 contubernium
985 461 1061 516 1536.
1324 465 1388 533 445

275 615 417 702 Singulis
439 617 641 682 semestribus
666 618 874 684 contubernii
897 641 946 684 res
971 620 1144 685 solenniter
1170 642 1189 684 a
1211 620 1391 689 Rectore

188 721 521 802 Vniuersitatis,
545 721 718 788 Decano
742 729 777 788 vt
792 725 962 789 nominant
976 723 1073 789 studii
1096 724 1251 792 bonarum
1273 727 1390 812 artium

187 833 220 892 et
241 827 462 913 grandioribus
484 828 645 892 duobus
670 828 899 915 Magistris
922 831 960 896 de
983 831 1123 916 Collegio
1145 831 1307 911 adhibitis,
1333 835 1388 898 in·-

186 933 297 1018 spici
320 953 519 1012 consueuere,
543 934 646 1018 primo
670 956 779 1000 meuse
795 958 858 1020 quo
873 936 928 1001 ille
943 938 1167 1022 magistratum
1190 937 1272 1002 iniit.
1307 939 1389 1004 Tum

185 1060 293 1104 omnes
317 1038 466 1124 Magistri
488 1038 696 1103 contubernii
731 1040 1005 1106 administratores
1027 1064 1064 1107 00
1093 1042 1203 1108 incolae
1232 1065 1388 1110 unacum

186 1143 348 1229 discipulis
379 1145 444 1208 suis
469 1166 603 1229 cumque
632 1145 788 1208 ministris
820 1149 937 1230 praesto
959 1153 1053 1212 sunto
1075 1151 1107 1212 et
1129 1147 1168 1212 ad
1192 1147 1386 1235 interrogata

187 1250 307 1334 singuli
322 1249 459 1315 fideliter
482 1255 514 1316 et
535 1250 618 1315 clare
637 1251 856 1335 respondento,
880 1256 1113 1316 sacramentum
1129 1250 1235 1332 danto,
1260 1277 1387 1321 suorum

187 1376 352 1419 munerum
376 1355 558 1421 ulteriorem
583 1354 781 1420 functionem
798 1356 973 1422 obtinento.
1020 1356 1079 1433 Qui
1095 1380 1159 1423 000
1174 1359 1294 1437 lecerit,
1316 1383 1384 1426 mo-

184 1464 274 1525 uetor
296 1483 333 1525 00
356 1461 500 1545 priuator
523 1462 591 1527 loco
613 1460 732 1526 honore
754 1482 883 1527 munere
907 1485 972 1528 suo.

185 1635 317 1722 Leges
347 1641 386 1701 01
415 1640 604 1716 0101010,
637 1659 726 1721 quae
757 1638 804 1702 ad
836 1637 1051 1703 studiosos
1082 1641 1123 1702 et
1145 1637 1385 1722 discipulos

415 1741 705 1808 Contubernii
730 1743 903 1830 proprie
925 1743 1154 1827 pertinent.

773 1865 799 1930 Ι.

275 1985 460 2072 Quicunque
482 1985 743 2052 1000010100οἱ0
768 1989 880 2074 degere
894 2010 1082 2074 manereque
1097 1989 1242 2070 uoluerit,
1266 1992 1387 2078 cogitur

185 2093 393 2177 promissione
424 2092 647 2157 contubernali
678 2113 745 2157 sese
777 2092 905 2158 Rectori
939 2099 970 2158 et
1004 2094 1169 2181 Magistris
1201 2096 1386 2183 astringere,

184 2199 272 2262 ouius
294 2197 433 2262 formula
463 2197 607 2282 superius
630 2198 774 2282 exposita
795 2202 860 2279 est,
893 2221 928 2266 00
958 2201 1096 2285 primum
1118 2200 1221 2265 Deum
1247 2207 1332 2268 caste
1354 2208 1386 2268 01

184 2303 235 2385 pie
257 2301 362 2382 colito,
386 2306 551 2368 uenerator
574 2303 777 2367 conuenienti
801 2304 924 2370 ratione
947 2327 983 2370 00
1005 2327 1078 2371 vera
1103 2307 1223 2371 rituum
1245 2312 1277 2372 et
1302 2327 1386 2371 cere·

184 2407 370 2477 monianum.
416 2406 462 2472 Ni
483 2407 594 2472 fecerit
617 2405 832 2474 Contubernio
854 2410 985 2475 elicitor.

763 2581 805 2648 Π.

268 2720 389 2806 Nequis
412 2723 505 2788 iussis
528 2723 754 2809 magistrorum
777 2724 945 2811 legittimis
967 2725 1138 2813 refragari,
1169 2749 1249 2792 neue
1272 2727 1382 2794 obiur-

182 2827 306 2913 gationi
328 2827 519 2907 reclamare,
550 2852 630 2895 neue
660 2831 863 2917 cagistatioui
894 2832 990 2897 reniti
1020 2832 1141 2897 audeat.
1188 2832 1249 2909 Qui
1271 2834 1383 2899 fecerit

181 2934 343 3000 denarium
368 2935 464 3000 duum
486 2937 517 3000 id
542 2941 590 3001 est
613 2937 823 3003 cruciatorum
845 2937 917 3016 XV,
941 2939 967 3002 si
991 2939 1241 3022 probenritatem,
1270 2943 1382 3004 contu-

181 3040 308 3106 meliam
331 3041 497 3106 maledicta
518 3043 667 3108 aduersus
689 3041 761 3106 illos
776 3043 945 3127 usurparit,
970 3043 1126 3108 dimidiati
1141 3043 1252 3108 floreni
1275 3044 1376 3108 mulc-

181 3151 247 3210 tam
270 3147 394 3212 soluite.

754 3249 814 3315 ΙΙΙ.

268 3390 519 3458 Cubiculum
542 3413 651 3469 suum,
685 3413 818 3476 suasque
849 3391 1029 3456 arculas
1052 3393 1184 3477 quisque
1207 3417 1226 3458 0
1248 3391 1382 3460 Rectore

180 3503 235 3564 aut
257 3497 412 3584 Magistro
435 3497 541 3581 aliquo
564 3493 699 3582 Collegii
722 3498 824 3561 iussus
846 3497 1033 3581 aperito,
1064 3498 1185 3562 nolenti
1207 3499 1309 3563 multa
1331 3500 1381 3563 in·

180 3606 301 3670 dicatur
325 3603 490 3671 denarium
512 3604 650 3684 quatuor
671 3599 703 3665 id
726 3605 775 3666 est
797 3599 955 3666 dimidiati
977 3601 1098 3667 floreni.

739 3773 817 3841 IIII.

267 3917 444 3985 Lumina
473 3920 508 3984 in
535 3919 687 3984 cubiculis
721 3917 858 3982 uniuersi
891 3915 1069 3982 attentione
1099 3923 1130 3983 et
1163 3917 1377 3983 sollieitudine

179 4047 303 4091 summa
318 4029 486 4091 tractanbo.
523 4023 574 4089 Ne
589 4023 800 4088 scintillantes
816 4022 933 4108 fungos
950 4023 983 4085 in
999 4023 1219 4107 pauimentum
1235 4025 1378 4109 ligneum

179 4131 360 4196 abiiciunto.
423 4132 462 4196 10
499 4153 561 4215 quo
594 4129 648 4213 qui
679 4125 847 4213 deliquerit
879 4128 1031 4192 mulctam
1066 4128 1182 4193 0010110
1216 4129 1380 4193 denarium

180 4239 286 4301 duum.

759 4321 799 4444 ν’.

265 4518 423 4605 Discipuli
446 4519 697 4597 contubernales,
722 4519 837 4603 quibus
861 4519 1071 4585 communiter
1092 4518 1260 4605 collegium
1274 4516 1379 4604 Magi⁴
