3460 5314
323 451 385 514 360
786 442 917 498 facultas
938 440 1057 496 Artium.

321 675 531 750 Quomodo
554 671 800 759 presentari
822 669 1296 736 debeantBaoealaurei
1319 669 1527 755 temptati

419 779 582 845 domino
605 777 880 844 Cancellario
902 775 969 840 vel
992 775 1083 840 eius
1108 776 1219 840 vices
1241 774 1427 860 gerenti.

409 922 461 983 62.
485 917 597 983 Voluit
621 917 767 983 Facultas
790 915 937 992 Artium,
970 917 1005 977 vt
1028 913 1229 980 Baccalaurei
1258 915 1407 998 temptati
1437 919 1470 979 et
1492 919 1527 979 vt

321 1043 418 1106 supra
448 1023 736 1107 atemptatoribus
768 1042 838 1086 eum
867 1018 983 1084 decano
1014 1019 1053 1082 ad
1076 1039 1208 1084 examen
1231 1020 1361 1084 admissi
1384 1041 1441 1103 per
1462 1019 1526 1084 De-

322 1148 437 1191 canum
468 1131 499 1192 et
529 1130 737 1212 temptatores
765 1127 834 1191 sine
865 1123 1014 1207 scrupulo
1042 1123 1235 1190 consciencie
1266 1124 1404 1190 Domino
1427 1123 1527 1189 Oan-

323 1231 502 1296 cellario
525 1235 580 1296 aut
602 1232 685 1296 vices
708 1231 775 1297 eius
801 1228 925 1315 gerenti
948 1231 1267 1319 presententur,
1299 1232 1331 1292 et
1353 1232 1441 1313 petat
1463 1228 1528 1293 De·
1610 1209 1615 1228 ⁶

325 1358 423 1402 canus
435 1337 564 1403 nomine
579 1336 740 1404 facultatis
755 1336 882 1414 artium,
900 1338 1056 1417 quatenus
1071 1334 1139 1418 ipse
1157 1333 1304 1398 dominus
1315 1331 1528 1398 Cancellarius

325 1441 375 1507 vel
406 1442 489 1508 vices
518 1443 584 1509 eius
614 1447 725 1507 tenens
748 1439 966 1506 Baccalaureis
998 1438 1196 1522 presentibus
1226 1438 1392 1521 temptatis
1424 1442 1456 1502 et
1487 1438 1528 1502 ad

325 1569 457 1612 examen
481 1547 625 1612 admissis
648 1567 820 1612 examen
843 1543 965 1628 aperire
988 1541 1067 1607 velit
1081 1548 1113 1607 et
1127 1564 1225 1607 vnum
1242 1563 1397 1626 quemque
1419 1563 1528 1607 eorum

325 1673 382 1734 per
404 1651 546 1716 cedulam
569 1651 762 1737 sigillatam,
786 1651 819 1713 in
845 1671 907 1732 qua
928 1647 994 1712 dies
1017 1646 1096 1711 hora
1117 1651 1150 1711 et
1175 1647 1262 1713 locus
1285 1647 1439 1712 examinis
1462 1647 1527 1732 sig·

325 1758 451 1833 nentur,
476 1759 510 1819 vt
532 1760 716 1821 consuetum
739 1758 796 1832 est,
820 1753 860 1818 ad
882 1771 1013 1817 examen
1035 1772 1153 1816 vocare.

414 1860 465 1926 63.
498 1858 623 1925 Placuit
653 1845 795 1942 quoque,
828 1860 863 1922 vt
885 1855 1098 1921 Cancellarius
1129 1855 1178 1920 vel
1201 1855 1268 1919 eius
1290 1855 1391 1920 uicem
1414 1876 1527 1940 gerens

328 1986 397 2028 curn
429 1963 675 2049 temptatoribus
708 1985 766 2048 per
787 1962 970 2028 facultatem
1000 1961 1121 2026 adhoc
1149 1960 1257 2026 electis
1280 1960 1450 2045 diligenter
1472 1982 1530 2045 per

331 2068 522 2152 quindenam
547 2065 624 2149 (nisi
646 2067 787 2151 paucitas
810 2065 1101 2151 Magistrandorum
1129 2063 1217 2130 aliud
1240 2064 1381 2148 suadeat)
1404 2064 1530 2149 publice

331 2174 498 2252 examinet,
522 2173 569 2237 ita
591 2173 746 2251 videlicet,
771 2172 854 2257 quod
870 2171 1005 2256 singulis
1021 2170 1202 2236 doctoribus
1217 2172 1249 2233 et
1264 2168 1426 2255 Magistris
1449 2169 1530 2233 liber

332 2281 441 2362 pateat
462 2277 501 2342 ad
524 2299 652 2344 examen
676 2298 842 2363 aggressus
861 2275 883 2340 ¹.

359 2505 415 2571 De
439 2505 554 2571 modo
577 2505 857 2589 presentandi
879 2504 1197 2571 Baccalaureos
1220 2508 1499 2572 examinatos.

417 2686 468 2747 64.
492 2679 612 2748 Statuit
626 2679 771 2756 facultas,
795 2678 877 2762 quod
895 2679 1096 2745 Baooalaurei
1118 2681 1299 2760 examinati,
1323 2685 1355 2746 et
1377 2685 1412 2746 vt
1434 2703 1532 2766 supra

330 2787 368 2851 de
390 2786 628 2876 presentacione
643 2783 986 2849 Baeculaureandomm
1008 2789 1153 2850 notatum
1170 2789 1228 2861 cst,
1252 2787 1290 2851 ad
1313 2785 1529 2872 magistralem

330 2891 520 2977 dignitatem
542 2889 657 2975 ydonei
681 2888 798 2973 reperti
821 2891 916 2973 atque
946 2889 1076 2955 iudicati
1105 2913 1161 2975 per
1184 2890 1474 2956 vicecancellarium
1497 2895 1530 2956 et

329 2996 561 3060 examinatores
584 2993 712 3058 domino
729 2990 925 3072 cancellario,
949 2993 998 3056 vel
1021 3013 1077 3076 per
1091 2994 1244 3060 decanum
1260 2994 1453 3062 Cancellario
1476 3001 1532 3062 aut

419 3202 431 3239 ¹
456 3209 534 3265 Statt
552 3209 600 3266 des
618 3211 799 3266 Abschnittes
818 3213 851 3266 63
869 3211 922 3266 hat
944 3203 1001 3269 B.:
1032 3203 1171 3272 Examen
1196 3207 1359 3291 publicum
1382 3231 1440 3293 pro
1462 3231 1529 3274 ma·

331 3309 463 3395 gisterio
487 3331 543 3394 per
558 3309 656 3374 solam
681 3313 867 3375 octauam
883 3310 996 3374 durare
1012 3314 1044 3374 et
1060 3310 1238 3376 continuari
1254 3312 1357 3392 debet,
1380 3313 1426 3378 ita
1449 3314 1531 3397 quod

331 3414 365 3478 in
389 3413 541 3478 ambabus
563 3414 623 3478 viis
646 3415 778 3480 alternis
801 3414 921 3479 vicibus
943 3416 1150 3481 examinetur.

412 3604 467 3671 De
488 3605 721 3670 locationis
744 3608 1117 3691 promouendorum
1140 3609 1450 3692 publicatione.

350 3813 356 3825 ,
419 3745 501 3812 Item
534 3747 746 3812 iuramentum
778 3747 948 3831 prestitum
978 3748 1258 3831 apramouendis,
1284 3748 1368 3832 quod
1391 3771 1456 3814 non
1479 3772 1532 3814 ve-

331 3850 393 3915 lint
415 3872 448 3916 se
471 3851 639 3929 vindicare,
662 3852 874 3936 inquantum
898 3851 1018 3917 fuerint
1041 3852 1147 3917 reiecti
1170 3852 1221 3917 vel
1236 3853 1328 3918 aliter
1344 3875 1440 3937 quam
1463 3855 1533 3939 pla-

333 3954 433 4020 cuerit
457 3955 519 4020 sibi
540 3956 651 4033 locati,
686 3955 766 4020 illud
796 3956 927 4039 inquam
950 3956 1161 4020 iuramentum
1186 3956 1281 4021 debet
1302 3960 1378 4022 ante
1399 3957 1532 4023 locatio-

335 4083 406 4126 nem
432 4060 477 4126 eis
501 4063 641 4126 reuocari
665 4063 699 4125 in
722 4061 916 4126 memoriam.

419 4164 500 4230 ltem
522 4166 642 4230 iurabit
665 4167 801 4250 quilibet
816 4165 1048 4251 promouendus
1064 4168 1137 4230 ante
1161 4187 1216 4231 sue
1238 4165 1404 4232 locationis
1427 4167 1533 4251 publi-

332 4272 504 4347 cationem,
535 4271 618 4355 quod
650 4271 735 4336 infra
757 4293 911 4349 mensem,
943 4271 1003 4334 hoc
1025 4275 1073 4335 est
1095 4271 1134 4335 ad
1156 4271 1258 4348 diem,
1283 4293 1375 4356 quem
1398 4271 1534 4336 facultas

333 4398 403 4441 cum
426 4376 713 4460 promouendorum
745 4398 899 4442 consensu
930 4376 1096 4456 statuerit,
1129 4377 1263 4461 gradum
1287 4376 1424 4461 recipere
1438 4377 1533 4453 uelit,

333 4481 393 4546 sub
415 4481 507 4546 modo
529 4485 561 4546 et
583 4482 686 4547 forma
708 4482 742 4546 in
764 4481 915 4546 facultate
938 4481 1077 4560 statutis,
1100 4485 1136 4546 vt
1158 4479 1242 4546 iufra
1264 4480 1407 4546 habetur.
