3460 5314
331 475 395 540 284
785 475 917 532 Faorrltas
936 475 1069 530 luridica.

328 633 457 698 cultatis
479 633 596 698 artium
619 637 785 701 ambarum
807 627 930 700 viarum
953 635 995 700 Et
1018 635 1046 700 si
1067 638 1132 698 tres
1154 634 1293 713 fuerint,
1330 635 1414 700 vltra
1435 633 1532 699 etiam

328 738 457 804 admitti
479 760 544 804 non
560 740 684 818 debent,
709 745 786 806 tunc
800 739 935 804 facultas
950 739 1048 805 habet
1064 761 1216 824 expensas
1232 739 1358 824 prandii
1374 738 1522 804 ordinare

415 843 590 908 Statuimus
613 844 696 927 quod
718 845 852 910 facultas
875 844 1021 909 ordinare
1044 845 1172 922 debeat,
1208 866 1269 927 que
1291 867 1425 930 persone
1447 844 1534 907 vltra

328 947 497 1012 birretatos
520 947 708 1013 inuitari
732 951 867 1015 debeant
889 950 927 1014 de
942 949 1132 1015 officialibus
1149 950 1317 1014 comitibus
1332 956 1364 1014 et
1379 947 1533 1013 fratribus

328 1051 474 1118 ordinum
498 1051 540 1117 Et
556 1054 743 1136 qualitatem
766 1056 892 1139 prandii
915 1060 947 1120 et
969 1055 1150 1120 collationis
1173 1077 1229 1138 per
1251 1076 1284 1118 se
1305 1056 1355 1120 vel
1377 1054 1456 1119 alios
1478 1055 1532 1118 de·

327 1160 456 1241 putatos
490 1157 654 1242 disponere
684 1162 717 1222 et
737 1181 834 1223 vnum
857 1160 1024 1245 deputare,
1058 1159 1113 1242 qui
1142 1158 1238 1222 tertia
1260 1159 1403 1224 dicante
1426 1162 1532 1223 actum

328 1283 476 1345 personas
510 1262 692 1327 inuitandas
725 1263 861 1327 inuitare
891 1263 1002 1328 debeat
1031 1261 1093 1327 Sed
1124 1264 1356 1348 promouendus
1378 1265 1415 1330 de
1437 1285 1532 1330 orna·

329 1365 445 1432 mentis
467 1370 499 1432 et
521 1368 604 1432 vasis
627 1368 787 1452 argenteis
809 1369 975 1453 prouidere
997 1372 1154 1433 teneatur.

416 1469 498 1534 Item
529 1472 700 1535 statuimus
729 1472 812 1555 quod
844 1472 1054 1537 licentiandns
1078 1473 1162 1537 inter
1185 1475 1407 1541 assumendum
1431 1473 1531 1538 licen·

247 1635 254 1648 ,
329 1574 408 1638 tiam
432 1575 467 1639 in
491 1576 559 1659 ipso
584 1577 804 1661 actapublice
834 1577 920 1663 legat
946 1600 1044 1641 vnum
1067 1578 1240 1662 capitulum
1264 1580 1298 1644 in
1322 1578 1532 1644 decretalibus

328 1679 377 1742 vel
401 1701 495 1743 ruam
518 1681 638 1765 legem,
663 1682 689 1745 si
713 1681 745 1744 in
769 1683 837 1746 iure
861 1681 948 1746 ciuili
971 1682 1021 1745 vel
1044 1681 1142 1767 eligat
1165 1687 1259 1767 prout
1280 1683 1343 1767 ipsi
1365 1681 1532 1767 placuerit,

330 1783 358 1848 si
381 1784 415 1847 in
438 1789 571 1869 utroque
594 1791 825 1870 promoueatur.
872 1785 914 1851 Et
936 1791 1064 1870 peracta
1085 1787 1254 1851 collatione
1276 1791 1350 1872 post
1375 1787 1533 1852 exhibitas

328 1888 539 1954 confectiones
573 1891 640 1974 ipse
671 1891 881 1956 licentiandns
911 1895 986 1975 agat
1016 1892 1136 1976 gratias
1159 1892 1222 1956 hiis
1248 1893 1302 1975 qui
1324 1893 1407 1956 actui
1431 1893 1532 1955 iuter-

329 1991 449 2058 fuerint
471 1991 513 2058 Et
543 1995 570 2058 si
593 1996 653 2061 duo
676 2001 767 2073 sunt,
789 2018 871 2060 vnus
893 1996 997 2081 legat,
1029 1996 1110 2060 alter
1132 1997 1247 2060 referat
1268 1998 1398 2081 gratias.
1448 1996 1532 2060 Item

326 2100 413 2160 stent
435 2097 530 2163 simul
551 2100 735 2166 licentiandi
758 2100 791 2165 in
813 2099 957 2167 infcriori
986 2099 1158 2181 kathedra,
1190 2103 1375 2167 doctorandi
1401 2123 1475 2166 vero
1498 2101 1534 2165 in

326 2199 488 2284 superiori.
589 2217 590 2222 ’

586 2377 874 2445 Juranientum
897 2379 1270 2445 licentiandorum.

416 2520 591 2585 Statuimus
615 2521 698 2606 quod
721 2520 856 2605 quilibet
876 2519 1088 2585 licentiandns
1112 2526 1285 2606 antequam
1307 2523 1534 2606 promoueatur

327 2629 410 2694 iuret
433 2627 652 2711 infrascriptos
676 2627 836 2703 articulos,
860 2628 1020 2712 tangendo
1036 2648 1159 2691 crucem
1183 2627 1217 2690 in
1238 2626 1347 2691 cedula
1362 2627 1532 2711 signatam.

392 2729 522 2803 ¹Primo
553 2730 700 2796 iurabitis
731 2732 813 2816 quod
845 2731 974 2796 inantea
1004 2731 1155 2796 obediens
1189 2753 1256 2795 esse
1287 2731 1392 2795 velitis
1416 2729 1533 2796 decano
1618 2771 1627 2783 ·

329 2835 440 2902 inclite
462 2835 623 2901 facultatis
647 2835 777 2900 iuridice
800 2836 923 2919 totique
945 2834 1091 2900 facultati
1115 2835 1149 2899 in
1173 2835 1270 2900 licitis
1293 2839 1325 2900 et
1347 2835 1499 2900 honestis.

416 2939 559 3004 Secundo
582 2942 666 3025 quod
689 2945 756 3004 tarn
777 2939 906 3005 Rectori
929 2944 961 3004 et
976 2939 1172 3006 Cancellario
1195 2962 1291 3024 quam
1314 2940 1431 3004 decano
1454 2940 1534 3004 iuri-

330 3043 398 3108 dice
419 3045 580 3110 facultatis
603 3051 634 3110 et
657 3068 768 3111 eorum
797 3045 878 3110 vices
910 3045 1095 3130 gerentibus
1128 3067 1273 3110 necnon
1296 3045 1476 3110 doctoribus
1498 3045 1532 3108 iu

328 3147 436 3214 eadem
467 3148 618 3215 facultate
657 3151 843 3237 regentibus
873 3151 1035 3216 decentem
1070 3152 1281 3216 reuerentiam
1317 3155 1348 3215 at
1380 3149 1534 3216 honorem

327 3253 484 3320 deferatis.

415 3359 525 3424 Tertio
555 3361 639 3442 quod
670 3361 791 3426 bonum
821 3363 853 3424 et
875 3359 1047 3425 utilitatem
1079 3361 1175 3425 huius
1198 3361 1281 3426 alme
1302 3359 1533 3425 Vniuersitatis

331 3467 364 3528 et
384 3463 548 3530 facultatis
568 3465 699 3529 iuridicc
714 3484 865 3549 proposse
882 3463 1092 3546 procurabitis
1118 3465 1158 3528 ad
1181 3485 1398 3548 quemcunque
1412 3468 1532 3528 statum

333 3589 388 3633 ros
411 3571 576 3654 peruenire
597 3569 777 3655 contigerit.
1376 3653 1380 3660 Ι
1480 3649 1488 3663 Ι

417 3672 536 3749 Quarto
559 3674 642 3758 quod
663 3676 748 3739 hunc
781 3673 916 3758 gradum
938 3672 1064 3739 licentia
1087 3678 1119 3738 et
1142 3673 1238 3738 etiam
1261 3674 1401 3760 insignia
1422 3675 1531 3739 docto·

330 3778 409 3842 ralia
431 3779 466 3842 in
488 3778 578 3843 nulla
600 3779 663 3844 alia
683 3780 892 3845 vniuersiute
914 3781 1082 3845 resumatis
1103 3781 1153 3844 vel
1176 3780 1351 3844 assumatis.

414 3883 532 3960 Quinto
556 3886 640 3970 quod
662 3887 689 3950 si
711 3885 883 3971 contigerit
904 3907 958 3950 vos
981 3885 1193 3951 determinare
1217 3886 1265 3950 vel
1288 3885 1475 3969 respondere
1498 3884 1532 3948 in

326 3989 461 4056 materia
482 3991 555 4056 fidei
586 3992 751 4056 veritatem
774 3996 1002 4068 concamerata,
1033 3991 1116 4075 quod
1139 3995 1263 4074 partem
1286 3990 1360 4054 fidei
1381 3987 1532 4055 tenebitis

327 4099 359 4160 et
381 4097 520 4160 rationes
542 4096 717 4161 contrarias
738 4118 888 4181 proposse
911 4096 1101 4162 dissoluetis.

413 4200 509 4266 Sexto
533 4203 616 4288 quod
638 4223 703 4268 non
726 4203 889 4287 exponetis
913 4202 946 4265 in
969 4203 1083 4266 vestris
1107 4199 1273 4285 principiis
1305 4223 1364 4284 pro
1388 4223 1531 4286 assump-

329 4305 415 4370 tione
445 4307 562 4392 gradus
591 4308 676 4372 vltra
705 4329 860 4373 summam
889 4310 1072 4372 contentam
1104 4307 1138 4371 in
1163 4306 1361 4371 Clementiae
1395 4307 1532 4371 secunda

326 4411 363 4475 de
400 4411 561 4498 magistris
590 4412 672 4478 Dolo
706 4417 739 4479 et
771 4413 882 4479 fraude
912 4413 947 4476 in
976 4412 1126 4501 predictis
1156 4409 1303 4478 omnihus
1335 4415 1367 4475 ct
1396 4411 1533 4497 singulis

327 4515 450 4584 amotis.
