3320 5308
684 482 765 541 1518.

609 642 647 707 In
671 642 827 730 Augusto.

122 751 172 812 23.
196 745 358 812 Johanncs
381 746 470 811 Vbor
492 747 530 812 dc
552 747 730 835 Rutlingcn
756 754 784 813 7.

126 855 176 915 24.
201 850 326 915 Jeorius
348 851 386 915 de
408 850 625 938 Nuwenstaig.

593 975 631 1039 Ι6
655 974 842 1060 Septembri.

123 1082 174 1144 25.
198 1077 386 1142 Benedictus
409 1078 564 1163 Bcpireus
589 1080 764 1168 (Papirius)
787 1081 824 1145 dc
848 1080 1024 1168 Rutlingen
1050 1086 1079 1147 6.

70 1261 72 1266 ,
124 1186 174 1246 26.
199 1181 242 1246 Μ.
266 1181 429 1247 Johanncs
453 1182 525 1248 Hilt
548 1186 585 1250 de
609 1185 747 1250 Rotwila
772 1189 821 1249 16.

123 1290 173 1350 21.
199 1284 361 1353 Corradus
383 1289 528 1354 Ambach
551 1289 739 1374 (Ambroch)
763 1290 801 1354 de
825 1290 993 1356 Mulhuscn
1020 1294 1069 1356 16.

4 1455 6 1464 .
124 1396 174 1456 28.
198 1391 361 1458 Johannes
385 1393 529 1460 Vborher
551 1394 588 1460 de
610 1394 790 1482 Argentina
818 1399 864 1459 16.

124 1502 174 1561 29.
199 1495 326 1562 11161666
349 1498 498 1564 Zwurncr
520 1499 558 1564 de
579 1497 702 1585 Nagolt
726 1506 740 1564 1
767 1523 791 1565 s.

124 1607 175 1669 30.
200 1602 425 1668 Bonaucntura
448 1604 576 1690 (Teber)
600 1605 636 1670 de
660 1604 839 1670 Gamundia
863 1609 913 1670 29.

127 1716 177 1774 31.
201 1710 363 1777 Johanncs
386 1710 480 1775 Plrm
505 1708 636 1793 (Plsim)
661 1711 698 1776 de
722 1710 912 1797 Goppingen
936 1716 986 1775 26.

122 1819 172 1878 32.
197 1814 440 1880 Bartholomeus
468 1816 582 1900 Moyer
606 1816 643 1880 de
666 1815 841 1902 Bctzingen
865 1821 916 1882 27.

622 1941 662 2005 Ι6
684 1940 824 2006 Octobri.

128 2047 179 2108 33.
206 2042 366 2108 Johannes
390 2042 560 2109 Haimious
584 2046 621 2110 dc
644 2045 866 2131 Klingcnberg
891 2048 939 2107 12.

123 2152 174 2212 34.
198 2147 322 2212 Jeorius
345 2148 464 2213 Murlin
489 2150 526 2215 de
549 2150 807 2236 Troohtelfingen
829 2148 869 2213 A.
892 2143 937 2212 M.
964 2151 1013 2212 15.

127 2258 176 2315 35.
202 2251 363 2318 Johonnos
385 2253 557 2318 Wernheri
580 2256 618 2319 de
640 2249 856 2340 Wayblingcn
884 2257 933 2317 15.
990 2309 995 2318 ,

126 2361 177 2421 36.
202 2356 365 2421 Johannes
388 2357 506 2422 anrid
529 2359 566 2423 do
589 2359 733 2424 Bieticka
759 2363 808 2422 13.
835 2364 849 2421 1
876 2380 902 2421 s.

123 2467 175 2526 37.
200 2461 370 2525 Hainricus
392 2459 619 2548 Schwhninger
642 2464 679 2528 de
703 2462 871 2548 Villingen
894 2465 936 2524 24
962 2457 1060 2523 Junii.

123 2571 174 2631 38.
197 2565 269 2630 Joh.
293 2565 435 2630 Scherlin
459 2568 496 2632 de
519 2566 681 2652 Yetingcn
704 2565 923 2652 Augustianus
950 2567 1001 2628 25.
1026 2560 1108 2625 nihil
1131 2561 1225 2626 dedit.

125 2676 174 2735 39.
199 2669 317 2754 Caspar
340 2669 411 2735 Huc
434 2670 472 2736 de
494 2671 706 2755 Rauenspurg
730 2676 748 2734 5
772 2669 860 2736 Julii.

122 2779 173 2839 40.
198 2774 270 2838 Joh.
294 2771 448 2838 Melchior
470 2775 508 2839 de
531 2773 750 2838 Bubcnhoffen
774 2796 841 2838 can.
868 2771 1035 2837 Constant.
1062 2775 1091 2835 9.

121 2885 174 2944 41.
199 2878 362 2944 Johanncs
384 2878 521 2944 Stamlor
545 2881 582 2944 dc
605 2877 815 2943 Schaffhusen
841 2881 890 2941 16.

122 2990 173 3049 42.
198 2983 358 3050 Johannes
383 2982 504 3048 Hafner
528 2985 565 3048 de
588 2983 737 3070 Ehingen
760 2982 875 3047 vltima
896 2982 985 3049 Julii.

122 3094 174 3154 43.
198 3087 334 3152 Jacobus
357 3087 439 3152 Boni
461 3089 499 3153 do
522 3087 758 3174 Lynsenhoffon
783 3094 801 3152 2
828 3085 915 3171 Sept.

39 3189 45 3202 '
122 3199 174 3259 44.
198 3192 369 3278 Gregorius
393 3191 566 3258 Fistulicon
591 3194 628 3257 do
652 3191 857 3276 Wyscnhorn
882 3196 910 3256 3.

123 3303 175 3365 45.
199 3297 356 3362 Martinus
381 3296 470 3362 Geltz
492 3299 530 3362 de
553 3297 742 3382 Rotcnburg
769 3301 817 3360 19.

125 3409 176 3469 46.
201 3402 318 3467 Michel
341 3401 432 3466 Color
456 3403 493 3466 de
515 3401 694 3488 Rutlingen
718 3405 769 3466 20.

122 3516 173 3576 47.
198 3509 323 3573 Jcorius
346 3506 548 3572 Lachcnrnan
571 3530 610 3572 ex
633 3506 810 3592 Rutlingen
835 3511 886 3571 21.

124 3621 176 3682 48.
200 3613 361 3704 Corradus
383 3613 551 3697 Staynmer
575 3613 612 3678 de
634 3611 721 3678 Nora
744 3617 794 3677 23.

211 3806 373 3872 Intitulati
395 3806 454 3870 sub
478 3807 521 3871 M.
547 3805 722 3871 Furrrcrsco
744 3803 908 3870 Srsnrsuo
939 3825 958 3868 6
980 3802 1059 3868 festo
1083 3801 1166 3868 Luce
1188 3825 1215 3867 6.
1243 3805 1325 3866 1518

130 3935 227 3998 vsque
250 3913 288 3977 ad
311 3911 428 3976 festum
450 3909 533 3975 Phil.
558 3915 590 3976 61
613 3909 680 3976 «166.
705 3932 733 3974 6.
761 3910 853 3974 1519.

153 4112 180 4170 1.
206 4103 788 4189 ι1616666661161161616661111116366
814 4108 851 4168 21
877 4099 1033 4166 Octobris.
1130 4163 1132 4168 .

148 4215 177 4274 2.
201 4209 365 4276 Johannes
389 4207 470 4275 Kast
493 4211 530 4275 dc
554 4209 714 4295 Gerspach
737 4214 788 4273 21.

127 4366 333 4377 —-.-.-—-

195 4455 238 4510 25.
257 4453 340 4509 Bon.
359 4455 579 4525 Grotzingcr
597 4455 633 4508 M.
653 4453 685 4509 A.
707 4453 782 4507 1521.
801 4484 834 4494 -
853 4453 895 4508 36.
914 4451 1141 4508 Stadtschreibor
1159 4451 1189 4506 16
1207 4451 1237 4505 Β.
1258 4449 1326 4509 1536

132 4571 163 4581 -
184 4541 227 4599 66.
247 4570 278 4581 -
298 4541 340 4594 43.
355 4540 391 4596 Μ.
406 4541 439 4596 Α.
455 4541 522 4596 1523
541 4543 680 4597 assumtus
698 4540 729 4595 in
745 4539 899 4612 hospitium
917 4539 1028 4611 collegii
1041 4540 1117 4596 1525.
