3464 5318
368 449 410 515 76
627 451 668 505 12.
687 450 785 508 Kaiser
804 451 959 510 Friedrioha
978 454 1019 510 111
1037 455 1225 530 Besatigung
1245 459 1320 515 1486.

946 814 1002 885 12.

535 1040 668 1114 Kaiser
696 1040 925 1114 Friederichs
954 1041 1008 1114 Ill
1037 1043 1406 1139 Bestttigungsbrief

784 1179 848 1217 vom
867 1162 909 1218 20.
928 1161 1052 1218 Februar
1079 1163 1154 1218 1484.

454 1326 646 1394 Furnanrcvs
668 1330 778 1396 diuina
806 1330 935 1396 fauente
964 1331 1134 1398 clemencia
1161 1331 1368 1398 Rouaaonun
1390 1331 1575 1397 1111111111

369 1429 499 1517 Semper
521 1434 686 1520 Augustus
707 1436 872 1522 Hungarie
894 1437 1056 1502 Dalrnaoie
1078 1437 1205 1503 Oroacie
1227 1441 1286 1503 etc.
1304 1437 1373 1504 lter
1394 1457 1431 1500 ac
1446 1435 1575 1502 Austrie

365 1535 462 1603 Stiria
485 1537 655 1604 Karintbie
677 1544 709 1604 et
732 1539 878 1606 Oarniole
901 1539 974 1605 Dux
997 1539 1152 1606 Dominus
1177 1542 1319 1607 Marehie
1341 1541 1515 1607 sclavonice
1539 1563 1575 1606 ac

366 1641 594 1710 Portusnaonis
619 1646 728 1712 Comes
751 1647 785 1710 in
808 1645 981 1732 Habspurg
1005 1646 1129 1730 Tyrolis
1152 1646 1312 1712 Pherretis
1335 1650 1369 1711 et
1390 1646 1424 1710 in
1440 1644 1575 1731 Kyburg

365 1747 507 1814 Marchio
530 1750 690 1837 Burgouie
711 1756 743 1816 et
765 1751 1001 1837 Lanntgrauius
1018 1749 1205 1816 AlsecieAd
1228 1755 1413 1837 perpetuam
1435 1750 1482 1814 rei
1505 1772 1572 1815 me·

367 1853 502 1920 moriam
524 1853 646 1922 Notum
669 1855 802 1922 facimus
825 1861 934 1922 tenore
957 1857 1155 1941 presencium
1177 1856 1340 1922 uniuersis.

407 1957 409 1962 ’
453 1961 496 2026 Et
517 1961 543 2026 ai
566 1961 650 2026 inter
671 1963 774 2027 verice
804 1963 849 2027 rei
881 1963 1006 2048 publice
1035 1985 1123 2049 curas
1155 1962 1269 2046 quibus
1302 1983 1359 2048 pro
1381 1961 1487 2027 debito
1509 1960 1574 2026 Im-

368 2065 495 2150 periclis
518 2067 666 2131 culminia
688 2067 727 2131 ad
750 2068 833 2151 quod
856 2068 965 2132 diuina
987 2067 1158 2133 clemencia
1179 2068 1279 2133 euecti
1301 2089 1411 2132 snmus
1426 2067 1576 2132 diuturna

365 2171 578 2236 sollieitudine
601 2171 696 2236 saluti
720 2178 753 2239 et
776 2173 876 2257 quieti
898 2173 1097 2239 subditorum
1112 2174 1316 2259 inuigilemus
1330 2174 1436 2238 minas
1451 2193 1575 2258 quoque

365 2275 580 2342 distrahamur
601 2299 737 2363 negocys
760 2301 822 2363 quo
845 2301 954 2344 eorum
970 2280 1025 2363 qui
1041 2301 1107 2344 rem
1123 2279 1282 2364 publicam
1298 2283 1439 2344 nostram
1454 2276 1572 2344 crebris

365 2379 520 2446 bellorum
541 2381 730 2467 impulsibus
754 2383 888 2469 seligere
903 2405 967 2448 non
983 2384 1150 2468 quiescant
1165 2384 1394 2450 oonbrndamus
1411 2381 1574 2448 audaciam

364 2485 404 2549 ad
426 2507 463 2550 ca
484 2489 591 2552 tamen
614 2489 762 2572 precipue
785 2490 899 2554 mentis
921 2494 1028 2556 nostre
1051 2491 1172 2575 apicem
1194 2491 1362 2578 dirigimus
1384 2493 1416 2556 et
1431 2488 1574 2554 sedulum

365 2590 557 2656 destinamus
580 2593 728 2658 affectum
751 2595 888 2678 qualiter
910 2617 1124 2680 precessorum
1139 2601 1322 2662 nostrerum
1337 2595 1409 2660 diue
1424 2592 1576 2659 memorie

366 2693 580 2762 Romanorum
609 2697 840 2783 Imperatorum
872 2699 959 2787 leges
997 2706 1030 2765 et
1059 2702 1303 2767 constituciones
1346 2721 1431 2764 sacre
1466 2697 1577 2763 multis

363 2801 480 2887 rigilys
512 2806 543 2867 et
573 2802 847 2870 lucubrationibus
886 2805 969 2870 edite
998 2805 1196 2870 subditorum
1231 2809 1412 2870 nostrorum
1447 2801 1576 2869 auribus

364 2907 466 2994 magis
479 2909 626 2996 aomagis
643 2907 827 2975 inhibentur
843 2909 899 2995 qui
914 2910 980 2975 solo
996 2932 1104 2975 earum
1121 2933 1175 2976 vsu
1189 2910 1417 2996 rempublicam
1433 2911 1576 2972 nostram

364 3032 403 3074 ne
426 3011 501 3075 dum
523 3013 702 3078 conseruari
724 3014 776 3078 sed
800 3019 832 3078 et
861 3015 1036 3099 plurimum
1068 3015 1178 3100 augeri
1211 3015 1353 3080 ridemus
1388 3013 1458 3099 Hys
1490 3013 1576 3078 enim

364 3115 543 3200 Imperialis
572 3118 726 3183 celsitudo
756 3119 869 3184 fulcita
900 3120 1032 3184 effrenes
1064 3121 1261 3186 subditorum
1292 3143 1423 3187 suorum
1455 3118 1577 3184 animos

364 3221 531 3288 cohercens
547 3224 660 3289 solium
678 3225 846 3310 Imperiale
868 3226 995 3291 firmare
1017 3247 1053 3292 ac
1077 3226 1188 3292 sistere
1212 3230 1316 3310 potest
1332 3248 1394 3310 quo
1409 3231 1578 3308 utrumqne

365 3331 490 3413 tempus
513 3333 546 3394 et
568 3331 655 3415 pacis
678 3336 711 3395 et
733 3332 809 3396 belli
833 3333 898 3396 suis
921 3332 1039 3398 finibus
1061 3332 1233 3397 subnixum
1256 3335 1329 3416 apte
1351 3332 1516 3417 gubernet.

452 3435 538 3500 Hine
553 3441 602 3500 est
618 3438 701 3521 quod
717 3460 788 3502 eum
804 3438 931 3503 Nobilis
943 3459 979 3502 ao
994 3437 1170 3503 Generosus
1186 3442 1293 3502 noster
1307 3459 1343 3502 ao
1357 3437 1437 3502 sacri
1449 3435 1576 3520 Impery

363 3540 464 3607 fidelis
488 3542 621 3607 dilectus
636 3541 850 3610 Flannananus
877 3542 988 3609 Senior
1004 3543 1113 3608 Comes
1126 3544 1164 3608 de
1179 3542 1403 3627 Wirttenberg
1418 3544 1450 3606 et
1465 3539 1578 3606 Monte

364 3646 512 3713 Beliardo
536 3647 652 3713 Affinis
675 3655 784 3716 noster
806 3672 907 3735 nuper
931 3651 965 3714 in
988 3649 1090 3733 Opido
1113 3671 1170 3714 suo
1188 3647 1423 3734 Tubingnobis
1439 3644 1576 3711 aedicto

364 3752 503 3838 Imperio
525 3753 666 3820 subiecto
690 3778 747 3842 pro
769 3756 862 3821 laude
878 3756 927 3820 dei
943 3755 1173 3840 omnipotentis
1188 3777 1224 3819 ac
1235 3773 1363 3818 snorum
1377 3750 1576 3816 subditorum

363 3860 559 3926 incremento
581 3859 687 3925 Scolas
710 3861 871 3947 generales
888 3862 922 3926 in
938 3861 1053 3946 quibus
1069 3860 1201 3926 Areium
1217 3859 1374 3924 Medicine
1389 3856 1410 3924 J
1411 3857 1476 3922 uris
1492 3878 1575 3941 pon·

365 3965 453 4050 titicy
476 3987 511 4030 ac
532 3987 692 4031 sacrarum
713 3967 879 4033 literarum
894 3967 1020 4052 publice
1034 3968 1237 4033 traderentur
1252 3965 1439 4030 documenta
1454 3965 1486 4026 et
1503 3960 1576 4047 qui·

364 4070 471 4136 busuis
496 4071 530 4134 in
553 4093 590 4136 ea
611 4072 751 4156 palestra
774 4073 969 4138 certantibus
992 4072 1201 4139 sanctissimo
1223 4071 1352 4136 domino
1383 4071 1492 4133 nostro
1519 4067 1576 4131 do·

363 4175 451 4240 mino
472 4173 562 4241 Sixto
584 4199 668 4262 papa
690 4182 805 4262 quarto
827 4183 1011 4244 auctorante
1027 4179 1125 4265 digna
1145 4178 1291 4243 laborum
1306 4194 1436 4241 suornm
1453 4172 1576 4258 premia

365 4279 581 4348 tribuerentur
609 4282 759 4346 erexisset
788 4282 853 4348 Nos
884 4284 992 4368 itaque
1022 4282 1139 4368 prefati
1168 4281 1303 4347 Comitis
1337 4279 1576 4345 institucionem

363 4386 481 4451 nedum
503 4387 642 4452 suissed
665 4393 698 4452 et
719 4389 866 4455 omnibus
882 4388 1010 4474 Impery
1026 4389 1106 4454 sacri
1121 4387 1268 4454 fidelibus
1297 4385 1407 4451 vtilem
1430 4406 1466 4449 ac
1489 4383 1575 4449 fruc·

368 4494 492 4557 tuosam
523 4493 759 4560 considerantes
790 4495 930 4580 prefatas
958 4516 1082 4579 quoque
1117 4496 1217 4560 scolas
1247 4490 1380 4558 diuersis
1410 4490 1578 4556 literarum
