3460 5314
337 423 400 487 272
775 417 907 474 FecuItos
925 417 1092 488 theologice.

336 578 449 653 reticos
472 575 593 640 deferre
615 579 647 640 et
670 577 749 641 stibi
770 577 857 641 hunc
870 576 1022 640 honorem
1038 596 1102 639 non
1126 576 1275 640 reiterare
1296 575 1317 654 ¹,
1340 575 1427 641 fecto
1448 576 1537 640 iure-

266 665 269 670 ·
336 686 443 747 mento
467 680 651 746 candidatus
675 703 835 746 secretum
858 681 1024 746 literarum
1039 684 1161 745 statuto
1184 685 1325 765 tempore
1347 680 1388 745 ab
1411 679 1540 746 exordio

336 807 410 851 sune
432 785 576 850 lectionis
600 788 840 852 orationem
863 787 897 850 in
913 786 1038 851 leudem
1053 807 1213 851 sacrarum
1231 787 1397 852 literarum
1412 786 1538 863 habeat,

336 891 471 977 singulis
493 890 605 956 deinde
628 890 737 957 diebus
760 892 858 978 leget,
882 895 990 956 sancte
1005 891 1243 976 interpretetur,
1266 913 1325 956 noc
1343 893 1415 976 plus
1438 891 1542 976 capite

336 1017 399 1060 vno
421 995 554 1060 lectione
577 1019 639 1061 vne
662 996 815 1062 absolvet.
1337 1081 1339 1086 Α
1370 1067 1373 1074 ,

425 1089 601 1178 Admissus,
625 1101 762 1187 legendo
783 1105 816 1165 et
839 1102 1004 1180 audiend0,
1030 1101 1247 1166 biennium
1269 1103 1436 1185 completo.

428 1203 534 1270 Libris
559 1206 678 1286 finitis,
703 1207 889 1272 eruditionis
912 1211 943 1274 et
966 1207 1173 1291 promotionis
1195 1229 1259 1271 suae
1281 1207 1438 1291 specimen
1461 1205 1542 1290 pub-

316 1311 399 1376 .Iice
422 1310 722 1395 disputatione
744 1311 827 1376 dcto.

427 1412 564 1481 Interim
588 1417 782 1502 professores
804 1419 945 1502 legentes
968 1415 1107 1482 studiose
1129 1438 1165 1481 ec
1188 1417 1359 1502 diligenter
1381 1413 1497 1480 audiet.

362 1642 417 1708 De
439 1643 576 1730 gradu
598 1663 769 1724 summo,
794 1665 911 1728 quem
934 1643 1210 1710 licentiatum
1241 1647 1312 1709 eut
1334 1643 1522 1709 doctore·

770 1753 858 1814 tum
880 1750 1116 1835 appellent.

430 1921 562 1990 Publice
584 1923 775 2008 disputando
798 1925 997 2010 respondeto,
1020 1923 1084 1988 nisi
1098 1926 1223 1990 senatui
1240 1923 1449 2010 Theologiose
1470 1943 1546 2007 pro-

346 2029 491 2098 fessionis
513 2052 602 2096 secus
625 2031 728 2096 visum
751 2030 865 2110 fuerit,
898 2030 1025 2096 admitti
1048 2032 1158 2115 petito,
1182 2029 1336 2095 admissus
1360 2026 1548 2092 cancellario

345 2136 562 2201 vniuersitetis
584 2135 709 2202 scholae
729 2136 824 2200 huius
839 2140 1081 2220 representatur,
1105 2137 1311 2213 examinator,
1335 2137 1547 2219 pmmouetor,

347 2241 457 2306 ordine
480 2241 617 2326 pristino
641 2245 811 2308 reserusto

657 2406 906 2501 ¹Impensee
928 2414 1208 2481 Becesleurei.

432 2552 521 2620 Dens
543 2575 659 2621 nomen
674 2555 897 2622 munusculum
912 2577 949 2622 ex
965 2577 1089 2621 sancero
1106 2556 1140 2619 in
1155 2555 1283 2640 signum
1298 2549 1488 2636 receptionis
1512 2547 1545 2614 in

343 2658 451 2726 elbum
475 2661 709 2748 Theologorum
732 2663 814 2726 dato,

431 2763 559 2830 Rectori
581 2765 797 2830 vniuersitetis
819 2765 974 2830 cruciatos
997 2762 1053 2829 XI.

432 2867 523 2934 Fisco
545 2869 763 2935 vniuersitutis
786 2871 939 2936 cruciatos
964 2870 1063 2936 XXX.

433 2973 524 3038 Fisoo
545 2972 706 3039 facultatis
730 2975 939 3061 Theologicee
960 2976 1091 3041 florines
1114 2973 1156 3037 II.

435 3077 562 3144 Pedello
583 3101 681 3146 vnum
703 3081 829 3146 soluito.

434 3183 477 3249 Et
499 3186 533 3249 in
555 3185 713 3269 principio
744 3207 808 3250 suae
836 3183 981 3250 lectionis
1002 3182 1210 3261 Doctoribus,
1241 3180 1458 3247 Becealcureis
1487 3203 1552 3246 sure

346 3289 551 3375 professionis
573 3291 741 3375 prandium
763 3291 850 3356 dato.

713 3483 926 3567 Impensee
950 3482 1184 3548 licentiati.

436 3617 526 3685 Fisoo
548 3621 766 3710 vniuersitetis
788 3622 935 3688 florinum
958 3645 1066 3687 vnum.

435 3723 527 3790 Fisoo
549 3725 713 3791 facultatis
734 3726 865 3792 florinos
889 3725 949 3791 III.

435 3830 625 3896 Ductoribus
648 3831 738 3897 VIII.

435 3933 561 4001 Pedello
583 3923 730 4001 florinum
755 3957 862 4000 vnum.
908 3933 950 3999 Et
972 3936 1176 4002 refectionem
1200 3937 1389 4002 mediocrem
1412 3937 1494 4001 dato.

436 4038 515 4103 Cum
537 4061 610 4104 vero
633 4041 779 4106 Doctoris
802 4063 918 4106 nomen
941 4042 1058 4106 futuris
1084 4043 1279 4128 temporibus
1311 4043 1394 4126 apud
1417 4063 1475 4106 nos
1499 4063 1554 4106 su·

348 4165 433 4210 mere
455 4145 552 4229 cupit,
577 4151 668 4213 teuto
691 4149 796 4213 minus
819 4148 904 4226 dato,
929 4151 1084 4230 quantum
1109 4148 1231 4214 dederit
1253 4148 1352 4233 prius.

423 4376 436 4428 l
457 4372 570 4428 Zusetz:
589 4372 739 4429 Doctorum
758 4375 787 4428 et
798 4373 985 4443 professorum
1003 4369 1085 4427 huius
1105 4373 1217 4444 collegii
1237 4372 1266 4428 in
1286 4372 1424 4443 petitIone
1442 4371 1471 4427 et
1491 4387 1556 4428 oon·

350 4457 490 4517 secutione
508 4461 613 4530 greum
631 4457 735 4516 iudicio
754 4463 838 4516 stare.
