3462 5320
605 461 720 516 Zusttre
738 479 772 514 su
790 461 844 516 dan
862 462 1004 517 Statuten.
1340 467 1403 530 263

205 625 400 690 conducendi
421 623 648 709 prandium
670 645 728 707 per
750 623 911 687 doctorem
934 620 1094 687 nouellum
1123 626 1178 686 aut
1200 622 1306 706 plures
1327 624 1406 689 tales

204 731 353 808 dandum,
377 751 582 816 personarum
598 729 751 813 temporis
766 731 799 793 et
814 748 946 791 numero
964 727 973 762 ¹
999 727 1273 804 doctorandorum,
1296 729 1405 793 condi-

205 835 351 899 tionibus
374 838 405 899 et
428 834 674 898 circumstantiis
697 832 912 898 consideratis,
951 831 1001 897 cui
1026 831 1185 896 facultatis
1208 833 1405 916 dispositioni

203 947 236 1027 et
258 940 454 1004 ordinationi
476 939 707 1022 promouendus
730 961 785 1003 seu
807 937 1014 1022 prornouendi
1041 959 1077 1002 ea
1100 936 1133 1000 in
1156 940 1246 1020 parte
1269 943 1353 1002 stare
1375 941 1407 1002 et

206 1045 401 1128 acquiescere
424 1045 566 1110 debeant.

297 1149 418 1216 Statuit
432 1150 566 1216 facultas
588 1149 776 1235 theologica,
801 1147 883 1232 quod
906 1148 943 1212 de
959 1151 1061 1212 cetero
1083 1147 1118 1210 in
1141 1147 1191 1212 dic
1206 1146 1236 1212 S.
1255 1147 1406 1213 Thcme

206 1254 252 1319 de
274 1254 447 1339 Aquino
470 1257 502 1320 in
526 1256 632 1322 eadem
657 1257 807 1322 facultate
830 1255 945 1320 festum
967 1255 1009 1320 sit
1032 1252 1221 1320 habendum.
1267 1254 1356 1331 Quod
1379 1256 1407 1320 si

209 1359 240 1424 id
264 1361 369 1446 ipsum
392 1361 509 1426 festum
532 1366 587 1426 aut
610 1363 817 1446 quodcunque
840 1346 1075 1424 ariud'alieuius
1092 1364 1229 1443 quatuor
1243 1361 1405 1425 doctorum

205 1463 358 1530 ecclcsie²
390 1465 423 1528 in
448 1465 545 1529 alium
568 1466 650 1530 diem
675 1465 779 1550 quoad
801 1463 1045 1530 ecclesiasticum
1078 1463 1216 1528 offitium
1238 1465 1405 1538 transferri

207 1567 386 1652 contigerit,
412 1569 495 1652 quod
517 1569 626 1634 eadem
647 1568 865 1634 translationis
880 1567 930 1631 die
954 1567 986 1630 in
1010 1567 1095 1632 dicta
1117 1567 1268 1633 facultate
1290 1569 1405 1634 testum

209 1672 371 1750 habeatur,
396 1675 628 1740 nonobstante
651 1675 734 1756 quod
757 1675 791 1737 in
815 1671 907 1736 illurn
929 1673 1011 1736 diem
1035 1694 1100 1736 non
1123 1672 1277 1738 inciderit.

292 1776 373 1842 Item
405 1778 552 1863 magistri
580 1777 740 1863 theologie
762 1777 813 1842 hic
836 1776 992 1861 promoti,
1023 1777 1119 1842 etiam
1142 1765 1175 1842 si
1192 1800 1257 1842 non
1280 1779 1345 1843 sint
1368 1779 1405 1843 de

206 1882 350 1966 regentia
371 1882 532 1947 facultatis
554 1881 748 1968 theologice,
780 1883 815 1946 in
838 1882 960 1946 actibus
984 1883 1201 1948 uniuersitatis
1223 1883 1329 1948 sedere
1351 1884 1405 1948 de·

205 1988 302 2052 beant
325 1988 357 2052 in
381 1987 481 2052 banco
503 1987 719 2052 uniuersitatis
742 1987 827 2052 inter
849 1987 928 2051 alios
951 1987 1092 2052 doctores
1117 1986 1274 2072 theologie
1296 1985 1334 2052 de
1356 2009 1406 2052 re·

208 2093 317 2177 gentia
339 2093 517 2156 existentes.
564 2089 624 2168 Qui
647 2113 720 2156 vcro
755 2093 831 2158 alibi
854 2093 993 2177 promoti
1014 2091 1135 2170 fuerint
1157 2097 1189 2156 et
1210 2097 1245 2156 vt
1267 2092 1406 2177 hospites

207 2197 409 2275 aduencrint,
443 2196 477 2260 in
501 2196 607 2275 banco,
631 2219 669 2262 ax
691 2197 835 2284 opposito
868 2198 901 2260 in
925 2197 1017 2262 dictis
1046 2197 1167 2262 actibus
1189 2197 1405 2262 vnirrersitatis

206 2303 343 2380 sedeant,
368 2301 430 2366 uisi
454 2301 561 2366 forsan
585 2303 662 2368 tales
685 2309 719 2368 vt
741 2305 1009 2388 comprcmotorcs
1034 2301 1166 2368 alicuius
1189 2302 1224 2366 in
1246 2301 1407 2388 theologia

205 2408 412 2492 promoueudi
434 2407 483 2472 vel
507 2411 541 2471 vt
563 2407 642 2492 galli
664 2407 858 2472 aduenerint.
914 2405 962 2469 Ex
985 2412 1063 2471 tunc
1082 2404 1167 2470 enim
1189 2406 1289 2471 veluti
1312 2407 1405 2471 ceteri

205 2518 349 2599 regentes
382 2512 480 2578 locari
511 2513 655 2578 debeant.
708 2511 775 2578 Hec
808 2513 871 2578 duo
901 2510 1017 2576 ultima
1048 2511 1194 2576 conclusa
1222 2515 1254 2576 et
1286 2515 1408 2576 statuta

203 2619 403 2684 vniuersitas·
424 2618 615 2702 approbauit
632 2618 678 2701 iu
708 2618 818 2704 vigilia
847 2615 1073 2701 assumptionis
1101 2613 1202 2680 Marie
1224 2637 1308 2680 anno
1331 2615 1407 2681 Chri

129 2733 137 2743 “
204 2727 261 2790 eta
288 2727 361 2789 94‘0.

292 2829 426 2914 Insuper
448 2829 603 2894 conclusit
626 2833 658 2894 et
680 2829 795 2894 statuit
818 2827 902 2894 dicta
923 2827 1060 2892 facultas
1083 2825 1192 2912 (prout
1215 2827 1313 2892 eciam
1336 2827 1407 2892 vui·

203 2935 348 3002 uersitati
380 2938 452 3018 poet
474 2935 628 3019 premissa
651 2934 796 3018 proxima
825 2936 897 3017 post
920 2936 1065 2998 octavam
1086 2931 1251 2997 Laurentii
1275 2953 1408 3018 congre·

205 3043 280 3126 gete
302 3039 372 3104 fieri
393 3039 537 3122 placuit),
560 3039 643 3122 quod
660 3039 796 3104 decanus
811 3038 974 3103 facultatis
990 3037 1175 3123 theologice,
1199 3039 1254 3122 qui
1269 3059 1307 3102 ex
1330 3061 1407 3122 quo-

204 3145 277 3210 dam
299 3147 420 3209 statutc
452 3143 591 3208 eiusdem
625 3144 787 3208 facultatis
817 3146 939 3207 statuta
973 3143 1055 3208 circa
1076 3143 1171 3207 initia
1192 3143 1410 3208 catantiarum

206 3250 413 3336 pronunciare
435 3248 539 3328 habet,
564 3249 672 3314 eadem
695 3251 817 3313 statuta
836 3247 870 3310 in
887 3248 980 3311 domo
996 3269 1054 3311 sua
1068 3247 1276 3330 pronunciare
1298 3247 1408 3332 possit,

205 3353 245 3418 ad
274 3353 442 3418 arbitrium
470 3357 577 3418 tamen
610 3355 709 3439 ipsius
740 3351 903 3418 facultatis
934 3349 1119 3437 theologice.
1165 3350 1216 3416 lta
1246 3351 1348 3435 quod,
1381 3351 1410 3415 si

206 3458 356 3524 maluerit
385 3459 536 3537 facultas,
569 3459 749 3524 huiusmodi
772 3460 894 3523 statuta
916 3478 980 3521 nou
1003 3456 1036 3520 iu
1067 3456 1159 3521 domo
1181 3456 1235 3520 sed
1258 3457 1291 3520 in
1316 3456 1409 3520 scolis

207 3569 350 3648 ternpore
372 3563 516 3629 lectionis
538 3565 696 3630 ordinarie
711 3565 824 3628 altimo
847 3562 896 3628 vel
911 3563 1037 3628 circiter
1052 3583 1108 3648 per
1123 3563 1275 3626 decanum
1299 3563 1408 3648 legan-

206 3673 269 3734 tur.
316 3667 388 3734 Nisi
419 3668 525 3734 forsan
557 3669 690 3734 facultas
724 3670 761 3734 de
792 3668 856 3734 alio
884 3667 1124 3733 deliberandum
1147 3667 1290 3746 duxerit,
1326 3667 1409 3752 quod

204 3773 307 3859 magis
330 3774 434 3839 visum
455 3774 553 3839 fuerit
575 3775 730 3859 expedire.

275 3967 359 4022 Univ.
379 3965 482 4021 Archiv
501 3966 561 4032 XII,
581 3968 621 4032 21,
643 3967 695 4022 wie
712 3967 794 4022 oben.

278 4162 290 4217 l
311 4159 425 4216 numeri.
500 4159 706 4224 rambrectus,
728 4157 909 4231 Augustinus,
931 4156 1121 4226 hieronymus,
1140 4154 1290 4228 Gregorius
1309 4154 1346 4208 M.
