3504 5322
694 474 810 532 Statuta
830 476 907 531 1536.
1334 479 1396 544 389

287 628 449 714 Magister,
473 635 522 698 cui
545 637 666 702 curatio
689 634 914 720 disputationis
936 633 1031 700 fuerit
1055 635 1138 714 data,
1164 636 1231 721 ipse
1255 641 1396 703 exercete

202 739 258 799 aut
280 735 305 798 si
330 735 396 800 fieri
419 736 478 804 hoc
501 747 646 824 nequeat,
670 764 774 808 coram
789 763 822 806 se
838 741 963 806 Decano
979 745 1075 825 atque
1091 741 1286 806 Conciliariis
1309 743 1395 808 illius

202 844 359 920 excusato,
383 843 497 926 quibus
519 867 612 912 causa
628 847 760 932 probata
776 845 986 910 substituatur
1001 846 1090 923 alius,
1114 846 1173 911 hac
1188 849 1294 912 tamen
1315 849 1393 933 lege,

199 947 236 1008 ut
259 967 330 1010 curn
362 948 502 1033 primurn
532 952 673 1030 licuerit,
705 952 759 1016 ille
789 951 843 1035 qui
875 954 943 1014 tum
974 973 1065 1014 suum
1091 951 1195 1016 locum
1217 974 1281 1017 non
1304 953 1394 1030 obiit,

200 1049 302 1116 alieno
325 1073 400 1118 sane
422 1059 563 1142 tempore
585 1058 791 1143 disputationi
814 1056 929 1140 praesit.
977 1053 1021 1120 Ni
1038 1056 1084 1120 ita
1103 1057 1221 1134 l'eeerit,
1244 1058 1394 1141 puniatur

202 1155 335 1221 arbitrio
358 1157 497 1225 Consilii.

291 1263 394 1328 Huius
427 1266 523 1331 studii
565 1268 791 1353 disputationes
825 1271 933 1333 aestste
951 1267 1042 1333 'bora
1075 1270 1163 1333 sexta
1193 1267 1395 1350 incipiuntur,

199 1369 311 1454 hyeme
334 1370 411 1436 hora
432 1373 574 1457 septima.

292 1474 444 1559 Magister
474 1476 638 1560 praefectus
675 1477 882 1561 disputationi
922 1479 1106 1564 priusquam
1140 1479 1263 1563 copiam
1297 1480 1394 1545 faciat

201 1580 393 1659 certaminis,
417 1582 484 1665 ipsc
505 1583 668 1668 proposita
691 1583 796 1667 capita
817 1583 881 1647 suis
904 1584 1031 1649 deloco
1058 1585 1218 1668 superiore
1239 1585 1394 1669 interpre-

200 1689 284 1750 tator
306 1691 337 1750 et
360 1691 514 1770 quantum
539 1689 657 1770 poterit
679 1691 804 1774 puratos
828 1687 866 1752 ad
890 1689 946 1754 illa
968 1689 1164 1753 defendenda
1189 1689 1312 1755 efficito.

285 1789 318 1855 Si
349 1793 424 1874 quid
455 1797 566 1858 contra
589 1792 655 1858 haec
677 1794 848 1858 admissum
871 1793 984 1871 fuerit,
1021 1795 1199 1877 quicunque
1222 1794 1392 1872 admiserit,

198 1895 232 1959 in
255 1915 325 1960 euni
358 1897 587 1963 animaduersio
610 1898 729 1964 Decani
759 1901 841 1975 esto,
874 1899 927 1963 sed
961 1899 1016 1983 qui
1049 1900 1136 1964 uolet
1157 1900 1196 1964 ad
1220 1898 1393 1966 Consilium

200 2005 378 2084 prouocat0.

283 2175 336 2240 De
358 2177 725 2262 disputationibus
747 2181 1132 2249 Baccalaureorum
1156 2179 1229 2265 Cap.
1254 2179 1309 2245 XI.

286 2316 405 2383 Diebus
436 2319 585 2385 feriarum
616 2321 852 2386 dominicalium
882 2323 1030 2387 contione
1053 2320 1181 2384 dimissa
1204 2343 1240 2384 ex
1264 2322 1393 2405 templo,

199 2422 259 2487 hoe
281 2427 329 2488 est
351 2423 430 2488 hora
451 2425 575 2489 circiter
597 2423 671 2504 XII,
693 2427 866 2510 disputatio
889 2426 930 2489 ab
952 2426 1059 2509 aliquo
1074 2423 1281 2489 Baccalaureo
1305 2447 1393 2489 exer-

200 2529 330 2606 cebitur,
347 2529 444 2593 simili
460 2528 582 2594 ratione
598 2533 651 2597 uia
673 2551 708 2595 ac
723 2532 815 2596 modo
830 2535 867 2593 ut
882 2529 1026 2614 superius
1043 2533 1089 2593 est
1104 2535 1391 2607 commemoratum,

197 2633 259 2698 nisi
282 2635 363 2718 quod
387 2634 492 2718 capita
514 2639 723 2721 attemperata
745 2636 784 2700 ad
803 2638 931 2720 captum
948 2635 1121 2700 iuuentutis
1144 2657 1209 2699 esse
1224 2635 1390 2700 debebunt.

395 2809 458 2874 ·Dc
481 2809 729 2875 Rhetoricis
752 2809 987 2876 Exercitiis
1011 2810 1085 2895 Cap.
1109 2809 1182 2875 XII.

283 2951 329 3015 Vt
352 2956 457 3016 autem
481 2951 731 3037 disputationum
761 2953 851 3036 quasi
876 2953 1012 3036 prelium
1036 2952 1074 3016 ad
1100 2952 1231 3036 ingenia
1253 2951 1391 3018 animos·

197 3080 257 3141 que
279 3057 313 3121 in
336 3057 514 3123 disserendo
537 3058 729 3122 exacuendos
752 3063 913 3143 repertum
928 3066 984 3136 est,
1008 3059 1053 3122 ita
1076 3058 1169 3122 alteri
1193 3057 1279 3141 parti
1301 3081 1389 3122 suam

194 3185 317 3248 quoque
338 3163 508 3248 palestram
531 3168 625 3247 atque
647 3163 756 3228 ludum
778 3164 895 3247 aperiri
917 3167 1050 3246 oportet,
1075 3163 1130 3227 ubi
1154 3163 1283 3227 dicendo
1307 3163 1388 3226 dila·

195 3271 352 3353 tandoque
374 3269 505 3333 inuenta
528 3269 660 3333 studiosi
684 3272 902 3346 exerceantur,
934 3273 971 3333 ut
1000 3269 1082 3332 sicut
1104 3267 1168 3332 iam
1193 3290 1287 3350 quam
1310 3269 1392 3333 bene

195 3381 226 3441 et
248 3381 331 3440 recte
352 3375 556 3460 interrogare,
580 3375 723 3459 apposite
747 3377 842 3457 atque
865 3373 979 3438 diserte
999 3373 1195 3457 respondere,
1221 3372 1392 3437 dissoluere

193 3481 296 3564 plane,
321 3480 504 3544 concludere
526 3484 626 3557 acute,
649 3479 797 3564 colligere
820 3482 893 3564 apte
915 3479 1047 3556 scirent,
1080 3477 1244 3563 Magistris
1267 3478 1390 3563 signifi-

194 3587 358 3664 cationem,
382 3586 559 3669 exemplum
582 3583 856 3649 Commilitonibus
879 3584 943 3648 suis
967 3583 1135 3648 dederunt:
1175 3583 1220 3647 ita
1251 3564 1391 3649 nuncin

195 3695 349 3774 perpetua
380 3690 521 3755 oratione
553 3694 585 3755 et
616 3689 710 3754 ductu
734 3691 869 3774 quodam
900 3712 957 3755 suo
980 3689 1193 3772 orationisque
1214 3689 1305 3754 bonae
1328 3690 1391 3754 ele·
1470 3767 1471 3772 γ

195 3795 301 3882 gentis
324 3796 457 3879 copiosae
487 3796 649 3880 exquisitae
679 3797 716 3861 ad
750 3799 893 3862 ueterum
916 3795 1141 3880 perfectionem
1162 3794 1390 3879 compositione

185 3900 368 3985 ¹periculum
400 3900 535 3979 faciant,
569 3905 605 3966 ut
633 3922 696 3965 non
729 3902 831 3967 solum
855 3901 888 3965 in
910 3901 1141 3986 disputatores,
1175 3901 1228 3965 sed
1251 3905 1390 3966 oratores

144 4069 146 4072 .
196 4027 320 4090 quoque
343 4005 488 4070 eradant.

281 4110 478 4196 Quapropter
493 4133 617 4196 quoque
632 4111 682 4176 die
698 4109 769 4188 XV,
793 4111 1055 4194 quemadmodum
1071 4111 1108 4174 de
1124 4110 1391 4195 disputationibus

193 4221 242 4281 est
264 4217 399 4294 dictum,
429 4217 469 4282 iis
492 4216 618 4301 quidem
641 4216 786 4280 sabbathi
811 4215 938 4294 diebus,
964 4218 1019 4300 qui
1040 4217 1176 4302 tempori
1199 4215 1389 4300 disputatio·

194 4343 271 4386 num
294 4322 389 4388 medii
411 4323 613 4400 intercedent,
637 4321 734 4386 simili
757 4321 865 4386 ordine
888 4344 924 4386 ac
944 4322 1039 4400 serie,
1063 4323 1156 4386 initio
1179 4323 1261 4387 facto
1286 4345 1304 4387 a
1326 4321 1389 4388 De-

195 4449 283 4504 cano,
306 4426 453 4512 Magistri
482 4428 610 4513 exigent
639 4450 659 4491 a
681 4427 829 4491 studiosis
854 4427 1033 4512 publice
1056 4428 1277 4511 scripturn,
1301 4428 1389 4493 cuius

197 4537 272 4598 ante
289 4533 354 4598 dies
370 4533 475 4598 decem
497 4538 528 4598 ct
551 4536 687 4616 quatuor
703 4533 835 4598 materia
850 4555 904 4597 seu
919 4537 1140 4621 argumentum
1155 4533 1390 4621 promulgatum
