3442 5314
545 480 570 533 s.
588 477 720 534 sanun
738 493 802 533 vom
821 477 846 530 a.
865 475 929 530 ont.
950 475 1026 531 1477.
1346 477 1388 542 45

181 637 515 721 arepresentantibus
546 639 785 703 uniuersitatem
817 636 950 714 electos,
984 633 1023 699 lac
1055 639 1090 698 vt
1113 634 1272 699 enitentur
1294 656 1387 699 vexa·

182 741 286 806 tiones
310 744 342 806 et
364 742 530 828 supposita
552 743 769 809 uniuersitatis
792 765 811 808 a
832 741 937 806 studio
960 763 1023 804 non
1046 739 1273 816 distrabantur,
1298 740 1387 804 volu-

180 869 253 911 mns
286 850 319 912 et
340 847 531 925 statuimus,
564 851 599 911 rt
628 867 737 910 omnes
769 867 861 910 cause
893 867 997 909 coram
1020 845 1065 908 eis
1088 843 1276 928 simpliciter
1297 848 1330 909 et
1351 844 1389 908 de

181 951 278 1036 plano
299 953 367 1017 sine
390 952 527 1036 strepitu
549 955 581 1016 et
602 951 708 1038 figura
729 950 839 1016 iudicii
861 953 1058 1027 tractentur,
1085 952 1254 1034 partesque
1277 971 1332 1033 per
1355 971 1389 1014 se

180 1058 231 1122 rel
264 1062 485 1142 procuratores
516 1056 614 1120 verbo
639 1056 796 1122 duntaxat
825 1057 1008 1141 proponant
1034 1060 1066 1120 et
1087 1076 1151 1119 non
1176 1055 1294 1139 scripto
1316 1053 1387 1119 Nisi

181 1183 276 1227 causa
297 1163 479 1228 huiusmodi
502 1163 664 1228 communi
687 1161 921 1227 existimatione
940 1159 1176 1245 quinquaginta
1197 1159 1386 1224 florenorum

186 1267 349 1333 excederet
371 1269 530 1347 valorem,
554 1271 670 1332 extruo
690 1267 775 1332 enim
798 1266 825 1331 si
849 1269 955 1350 partes
978 1270 1034 1329 ant
1056 1287 1160 1330 earum
1186 1265 1285 1330 altera
1306 1265 1388 1348 peti-

181 1372 262 1450 erit,
295 1373 464 1457 strepitum
495 1371 575 1438 iuris
607 1370 814 1436 admittimus.
871 1369 915 1435 nt
947 1369 973 1433 si
996 1367 1123 1434 Rectori
1154 1369 1255 1433 visum
1278 1370 1386 1449 fuerit,

182 1499 292 1542 omnes
315 1479 555 1545 uniuersitatem
578 1481 832 1561 representantes
848 1479 903 1540 aut
919 1474 1089 1540 eorundem
1108 1475 1229 1558 aliquos
1246 1475 1385 1552 aduocat,

183 1603 373 1667 causamque
395 1583 503 1649 audiat
518 1588 550 1648 et
565 1583 714 1648 diffiniat.
761 1581 850 1658 Quod
870 1582 896 1645 si
911 1580 1019 1664 aliqua
1041 1580 1181 1664 partium
1197 1580 1385 1665 pretendens

180 1709 355 1774 grauamen
386 1713 405 1754 a
439 1690 598 1756 sententia
631 1693 664 1754 et
686 1689 810 1754 decreto
832 1687 1014 1752 huiusmodi
1037 1685 1256 1771 prouocauerit
1277 1688 1309 1749 et
1331 1707 1387 1771 ap·

180 1793 367 1878 pellanerit,
399 1816 472 1859 mox
504 1794 560 1860 illa
583 1794 660 1860 duos
683 1794 818 1860 florenos
851 1815 998 1858 recenses
1021 1791 1104 1877 apud
1128 1790 1294 1855 Rectorem
1315 1791 1387 1855 vni·

181 1892 347 1966 nersitatis
369 1919 428 1984 pro
452 1901 593 1984 tempore
614 1900 768 1984 deponat,
803 1902 835 1962 et
857 1897 1083 1962 nichilominus
1113 1896 1150 1961 de
1173 1896 1389 1980 prosequenda

182 2003 240 2068 lite
273 2007 305 2068 et
338 2003 554 2068 satisfactione
586 2025 794 2091 expensarum
827 2002 866 2086 (si
890 2003 1104 2089 succubuerit)
1134 2003 1219 2087 parti
1242 2004 1387 2088 appelate

180 2108 400 2193 impendenda,
424 2110 603 2174 cautionem
627 2113 748 2194 prestet
769 2109 987 2174 sufficientem.

216 2277 217 2280 ,
269 2213 417 2299 Amplius
439 2214 626 2292 statuimus,
657 2214 740 2298 quod
764 2213 880 2279 Rector
903 2235 1011 2280 omnes
1035 2215 1254 2300 delinquentes
1277 2221 1309 2282 et
1330 2237 1385 2302 pe·

179 2319 270 2384 nales
293 2319 327 2383 in
351 2323 436 2384 certo
455 2318 613 2387 Rotulc
635 2320 823 2398 conscribat,
846 2341 961 2404 penam
976 2321 1065 2385 iuxta
1080 2321 1297 2387 uniuersitatis
1320 2327 1385 2388 sta-

180 2427 252 2489 tuta
273 2425 436 2511 exigendo.
483 2424 572 2501 Quod
595 2427 622 2490 si
645 2448 710 2491 non
732 2426 859 2504 fecerit,
892 2429 1007 2492 extunc
1029 2425 1211 2492 huiusmodi
1232 2448 1328 2512 pene,
1352 2429 1384 2492 in

182 2533 330 2614 computo
354 2553 409 2616 per
432 2551 504 2595 eum
527 2530 561 2594 in
583 2530 647 2595 line
669 2531 720 2596 sui
741 2534 915 2596 rectoratus
942 2530 1045 2596 fiendo
1067 2531 1105 2595 de
1128 2531 1194 2597 eius
1218 2535 1308 2617 parte
1331 2533 1385 2597 de-

182 2634 349 2700 falcentur.

268 2739 403 2825 insuper
423 2741 605 2807 ordinamus
627 2741 710 2827 quod
732 2742 817 2807 infra
840 2742 1077 2827 quatuordecim
1107 2742 1172 2807 dies
1203 2745 1278 2826 post
1299 2743 1384 2808 iuro·

182 2848 327 2910 mentum
360 2868 416 2931 per
444 2869 564 2911 nouum
594 2849 761 2914 Rectorem
789 2847 974 2933 prestitum,
1008 2847 1066 2911 fiat
1099 2851 1321 2932 computus
1345 2849 1384 2913 ab

180 2950 313 3034 antiquo
338 2950 470 3016 Rectore
492 2953 530 3017 de
552 2953 685 3038 receptis
708 2957 740 3019 et
762 2953 929 3039 expositis,
965 2953 1163 3037 presentibus
1187 2951 1328 3038 antiquis
1352 2958 1383 3018 et

181 3054 339 3119 modernis
362 3054 552 3121 consiliariis
575 3060 607 3122 et
628 3057 655 3123 si
678 3057 838 3142 obligatus
862 3059 896 3121 in
919 3057 1026 3141 aliquo
1041 3057 1241 3135 remanserit,
1266 3057 1303 3121 de
1325 3057 1382 3123 illo

180 3160 357 3225 satisfaciat
379 3161 464 3226 infra
485 3185 599 3228 nouem
622 3163 687 3228 dies
710 3163 855 3248 proxime
877 3167 1062 3247 sequentes,
1094 3161 1155 3227 Illa
1185 3184 1311 3248 quoque
1332 3164 1382 3228 die

180 3265 219 3330 ab
249 3287 286 3330 eo
318 3265 444 3352 signata
475 3271 507 3332 et
537 3268 709 3353 registrata
730 3267 856 3353 publice
878 3289 983 3332 coram
1008 3267 1052 3330 eis
1074 3266 1177 3353 legat,
1213 3271 1250 3331 vt
1271 3267 1297 3332 si
1321 3289 1385 3352 qua

182 3370 279 3456 digna
302 3371 452 3438 memorie
475 3377 660 3439 censeantur
683 3372 898 3439 uniuersitatis
913 3373 996 3437 libro
1012 3371 1248 3436 conclusionum
1270 3372 1384 3436 maiori

178 3497 235 3559 per
246 3473 419 3541 Notarium
441 3478 664 3556 inscribantur,
689 3482 839 3564 petatque
855 3477 1005 3560 antiquus
1021 3475 1135 3540 Rector
1160 3481 1195 3540 vt
1217 3477 1283 3541 eins
1315 3479 1386 3541 acta

179 3584 212 3645 et
233 3581 316 3646 facta
340 3585 483 3668 tempore
505 3583 555 3649 sui
577 3583 675 3649 officii
697 3588 790 3670 grata
812 3587 844 3649 et
866 3587 936 3647 rata
958 3581 1153 3659 habeantur,
1181 3578 1222 3645 Et
1246 3581 1378 3646 nichilo-

180 3684 286 3749 minus
309 3686 416 3752 eadem
440 3689 490 3754 die
512 3689 711 3775 singularum
727 3689 915 3753 facultatum
931 3686 1040 3752 decani
1062 3707 1199 3752 recessus
1221 3687 1383 3751 rationum

181 3809 309 3854 suarum
332 3792 519 3857 facultatum
542 3794 712 3859 ostendant
735 3798 834 3878 atque
852 3793 1019 3858 ratificent.

266 3893 423 3963 Volumus
456 3898 552 3963 etiam
576 3902 607 3963 et
628 3899 814 3974 statuimus,
850 3897 932 3981 quod
955 3919 1064 3961 ornnes
1087 3900 1119 3961 et
1141 3895 1259 3982 singuli
1283 3893 1384 3962 offi-

174 3999 290 4064 ciati
319 4004 387 4065 tam
417 4002 636 4068 uniuersitatis
666 4025 761 4088 quam
795 4002 994 4088 singularum
1022 4002 1212 4068 facultatum
1242 4005 1385 4086 prestent

179 4105 385 4190 corporaliter
407 4129 463 4172 sua
477 4107 656 4174 iuramenta
671 4109 787 4186 debito,
812 4112 982 4193 antequam
998 4108 1036 4173 de
1052 4107 1233 4172 executione
1255 4127 1384 4171 suorum

182 4209 360 4275 officiorum
383 4233 417 4276 se
439 4211 667 4279 intromittant.

267 4315 348 4380 Item
378 4317 548 4384 statuimus
579 4323 611 4384 et
633 4317 834 4398 ordinamus,
870 4319 952 4403 qnod
984 4339 1053 4382 cum
1078 4315 1205 4382 Rectori
1229 4318 1385 4384 incumbit

179 4422 380 4488 executio
403 4423 535 4489 alicuius
558 4425 722 4491 deliberati
744 4448 801 4511 per
816 4424 1066 4499 uniuersitatem,
1090 4421 1230 4505 quelibet
1249 4423 1384 4489 facultas

179 4524 221 4610 (si
244 4547 323 4613 opus
339 4527 450 4614 fuerit)
473 4528 604 4615 deputet
620 4531 660 4596 ad
682 4531 741 4598 boc
763 4551 862 4599 unum
885 4528 935 4594 vel
957 4527 1050 4614 plura
1065 4529 1231 4614 supposita
1252 4531 1384 4616 ydoneo,
