3504 5322
268 447 270 455 “
353 446 416 510 422
897 443 1001 498 Baraa.
1082 471 1093 478 ·

433 599 575 666 Scolares
607 601 820 687 ingredientes
852 602 900 666 vel
935 603 1130 688 egredientes
1161 604 1199 666 de
1232 625 1308 668 una
1345 604 1474 668 bursa
1505 605 1552 668 ad

347 708 470 773 aliam
493 727 548 789 per
570 706 678 770 ualuas
701 706 867 770 bursarum
890 707 993 771 soluat
1016 709 1158 792 qualibet
1184 707 1249 772 viee
1273 711 1409 790 quatuor
1425 708 1549 774 solidos,

434 810 515 875 Item
539 811 576 874 de
599 814 765 874 arrecto
788 811 857 874 sine
878 811 1009 876 licencia
1033 813 1180 878 recedens
1203 816 1291 876 tutus
1313 834 1378 877 non
1402 813 1462 892 sit,
1498 814 1551 878 sed

349 921 459 982 eontra
481 914 575 978 talem
599 919 753 998 tanquam
777 915 936 999 periurum
961 917 1194 1000 procedendum
1216 916 1287 980 erit.

432 1019 513 1084 ltenr
545 1019 651 1084 nullus
684 1020 810 1084 bursam
833 1019 1100 1098 inhabitantium,
1133 1021 1347 1106 cuiuscunque
1369 1025 1471 1085 status
1495 1027 1551 1086 aut

349 1123 558 1188 condictionis
581 1125 696 1201 fuerit,
727 1124 761 1188 in
792 1145 926 1189 cannam
954 1125 1110 1208 lapideam
1137 1125 1187 1190 vel
1210 1125 1330 1190 curiam
1354 1125 1447 1192 burse
1471 1127 1550 1190 uri-

349 1251 437 1293 nam
460 1229 610 1311 projicere
633 1230 814 1312 presumat,
838 1229 897 1292 sub
923 1249 1003 1311 pena
1025 1231 1117 1293 unius
1141 1229 1233 1293 solidi
1255 1231 1375 1294 tociens
1398 1232 1551 1313 quociens

348 1333 592 1398 irremisibiliter
623 1333 781 1410 soluendi,
816 1333 854 1396 ad
885 1333 972 1396 errius
1006 1353 1087 1416 pene
1117 1334 1311 1398 exactionem
1344 1340 1550 1401 conuentores

349 1439 409 1504 sub
430 1459 557 1504 suorum
584 1437 761 1502 officiorum
783 1437 890 1502 debito
913 1443 989 1504 sunt
1011 1439 1144 1503 astricti.

435 1543 517 1608 Item
540 1542 647 1606 nullus
669 1542 939 1607 baccalauriorum
962 1547 1017 1607 cart
1040 1544 1206 1608 scolarium
1237 1544 1398 1610 facultatis
1431 1545 1551 1609 artium

353 1649 393 1713 in
415 1669 555 1713 mensa
578 1649 761 1713 alterius
783 1648 910 1712 burse
933 1649 1085 1726 leccator,
1109 1649 1168 1713 sub
1189 1671 1270 1732 pena
1293 1653 1383 1714 tante
1400 1651 1550 1734 peccunie

352 1775 448 1837 quam
477 1753 522 1817 sic
552 1752 693 1836 prefatus
723 1753 768 1818 ibi
790 1754 1003 1838 consumpsit,
1039 1755 1102 1818 nisi
1125 1755 1158 1818 in
1182 1755 1291 1819 eadem
1313 1754 1409 1818 bursa
1430 1755 1551 1819 locutos

352 1859 458 1922 fuerit.
504 1857 649 1922 Aliarum
672 1880 746 1923 vero
768 1858 956 1923 facultatum
978 1859 1123 1934 scolaris,
1154 1859 1332 1943 ubicunque
1353 1859 1475 1924 locatus
1498 1881 1552 1922 ex·

351 1963 471 2039 citarit,
496 1963 529 2026 in
552 1962 619 2046 lupi
643 1966 674 2025 et
697 1963 830 2028 aliarum
854 1987 1006 2048 penarum
1029 1985 1263 2049 recompensam
1287 1965 1429 2048 qualibet
1450 1964 1551 2048 septi-

352 2090 447 2132 mana
469 2067 554 2133 ultra
578 2067 655 2132 alias
678 2089 828 2152 expensas
851 2070 1030 2134 nominatas
1053 2069 1130 2134 duos
1153 2069 1254 2135 solvat
1276 2069 1429 2136 denarios.

420 2206 532 2260 Zosatz:
564 2207 635 2262 Item
663 2207 768 2278 singuli
796 2209 927 2278 magistri
952 2209 1084 2264 officiales
1103 2209 1189 2264 etiarn
1208 2211 1236 2262 et
1255 2207 1303 2262 alii
1322 2224 1415 2262 secum
1434 2209 1553 2263 scolares

350 2293 455 2348 artium
475 2293 618 2359 habentes,
639 2294 856 2365 quotiescunque
870 2297 1003 2352 scolarem
1023 2297 1105 2351 burae
1124 2299 1186 2351 ten
1198 2295 1363 2352 tunicum
1382 2296 1458 2364 loqui
1476 2295 1554 2350 audi-

351 2379 450 2443 verint,
471 2398 533 2435 eum
552 2380 670 2450 desuper
688 2381 832 2452 corrigant
850 2383 969 2438 fideliter
988 2386 1016 2438 et
1029 2384 1138 2439 acriter.
1176 2383 1364 2438 concentores
1376 2386 1404 2437 et
1422 2382 1554 2438 officiales

351 2467 423 2521 tales
443 2467 554 2538 signent
573 2471 649 2522 certa
667 2485 740 2538 pena
758 2469 920 2539 puniendos,
939 2488 992 2540 que
1010 2487 1080 2540 pene
1094 2471 1130 2524 ab
1149 2469 1277 2526 omnibus
1296 2469 1508 2526 concentoribus
1525 2472 1555 2524 et

348 2554 513 2693 oritiilibus
540 2555 570 2609 in
595 2574 681 2609 vnum
711 2556 823 2612 redacte
850 2557 967 2627 legende
995 2557 1052 2612 sint
1070 2556 1115 2611 die
1133 2555 1285 2620 dominico,
1312 2558 1362 2611 sub
1381 2575 1454 2627 pena
1474 2556 1553 2610 vuius

352 2658 441 2696 so11.

856 2855 1040 2938 Delupo

435 3013 516 3078 Item
550 3014 720 3078 statuimus
750 3017 782 3078 et
811 3014 941 3078 omnino
968 3013 1126 3078 observari
1150 3014 1314 3090 volumus,
1346 3017 1380 3076 vt
1406 3012 1550 3098 magistri

346 3125 555 3184 concentores
576 3120 711 3184 scolares
735 3139 808 3184 suos
831 3119 923 3183 modo
951 3117 1074 3181 meliori
1105 3140 1167 3202 quc
1196 3121 1366 3202 poterunt,
1400 3117 1553 3181 inducant

346 3223 384 3287 ad
409 3223 742 3301 latinisandurn‚
777 3227 809 3287 et
838 3222 1015 3306 specialiter
1048 3221 1232 3297 statuimus,
1264 3226 1301 3285 ut
1332 3220 1419 3284 omni
1454 3220 1552 3306 septi-

345 3350 440 3392 mana
461 3350 517 3412 per
540 3334 747 3393 conuentores
769 3328 807 3392 ad
832 3328 936 3391 minus
960 3348 1038 3390 vnus
1062 3327 1276 3390 constituatur
1299 3324 1423 3408 lupus
1440 3324 1465 3401 ¹,
1499 3325 1555 3408 qui

350 3431 516 3497 bonafide
539 3433 657 3498 scribat
678 3433 837 3498 orationes
860 3431 1002 3516 integras
1024 3435 1119 3514 atque
1143 3431 1233 3497 illurn
1256 3429 1304 3494 vel
1332 3430 1403 3494 illos
1435 3429 1550 3513 quibus

347 3537 397 3601 vel
420 3538 467 3602 cui
492 3537 614 3602 locutus
637 3535 710 3614 fuit,
735 3539 779 3610 vt,
804 3557 874 3599 enm
891 3535 1076 3600 conuentori
1093 3535 1251 3599 videbitur
1267 3533 1423 3616 expedire,
1447 3533 1551 3597 valeat

349 3683 491 3708 Τὼ*
534 3685 550 3690 -

417 3729 428 3780 l
450 3725 485 3781 So
505 3725 590 3780 heisst
609 3726 687 3780 nicht
705 3726 765 3781 bloe
784 3725 833 3780 der
852 3725 977 3794 geheirne
996 3725 1161 3796 Aufpasser,
1191 3724 1309 3778 welcher
1328 3723 1373 3777 die
1391 3741 1482 3794 gegen
1501 3723 1552 3776 das

346 3815 436 3870 Gebot
455 3813 571 3868 deutseh
589 3813 794 3883 gesprochenen
805 3813 901 3867 Worte
921 3812 970 3866 der
981 3811 1144 3866 Mitschsrler
1163 3830 1196 3863 zu
1218 3809 1395 3865 verzeiehnen
1415 3811 1473 3863 und
1492 3809 1555 3864 dem

347 3900 482 3971 Magister
501 3920 535 3954 zu
554 3901 710 3970 iibergeben
728 3902 787 3964 hat,
807 3901 926 3956 sonderu
945 3901 1015 3954 arreh
1034 3900 1079 3954 die
1099 3918 1154 3954 von
1174 3898 1232 3952 ihm
1251 3898 1398 3966 gemachte
1414 3897 1558 3952 Auszeich-

346 4007 436 4058 nnng,
464 3987 567 4042 welche
595 4006 644 4040 zur
662 3988 856 4056 Besehtmoug
881 3987 930 4042 der
949 3987 1130 4042 Uebertreter
1156 3985 1301 4040 offentlich
1329 3985 1454 4039 verlesen
1479 3983 1556 4038 wird.

345 4076 398 4130 Ein
417 4075 626 4130 Statutenbuch
645 4074 720 4130 Fach
738 4074 806 4138 XV,
836 4077 867 4128 21
889 4075 909 4128 f.
930 4075 962 4128 12
990 4074 1101 4128 anehalt
1129 4073 1250 4128 derdber
1276 4073 1346 4128 noch
1365 4071 1410 4126 die
1427 4071 1557 4126 weiteren

345 4163 591 4233 Bestimmungen:
621 4162 714 4234 Lupus
731 4163 761 4217 in
781 4164 825 4217 vel
845 4165 925 4217 extra
945 4161 1147 4218 communitate
1166 4159 1314 4214 scribatur.
1352 4158 1475 4222 Quilibet
1494 4159 1557 4212 bor-

344 4251 411 4307 sclis
430 4270 448 4305 a
466 4253 632 4306 conuentura
657 4249 687 4304 in
706 4249 818 4320 vulgari
843 4267 969 4304 sermone
987 4248 1101 4303 auditus
1125 4248 1218 4304 soluat
1238 4265 1324 4299 uurnn
1343 4264 1459 4300 numum
1479 4247 1557 4300 ultra

345 4349 519 4394 communem
547 4339 668 4414 lupum,
704 4338 790 4394 etiam
817 4338 840 4391 si
868 4338 966 4392 eadem
993 4335 1084 4392 oratio
1110 4335 1196 4390 fuerit
1222 4336 1288 4404 lupo
1314 4333 1459 4402 inscripto.
1499 4331 1556 4386 Das

345 4427 417 4482 nach
436 4426 485 4481 der
502 4425 697 4481 Reformation
717 4426 893 4496 eingcffihrte
906 4425 1004 4480 Statut
1024 4425 1168 4496 empfiehlt
1187 4441 1261 4478 zwar
1280 4424 1335 4477 deu
1348 4421 1483 4476 Schfilern
1502 4419 1553 4474 das

346 4512 447 4568 Latein
466 4512 639 4568 namentlich
658 4512 689 4566 in
707 4513 877 4583 Gegenwart
895 4513 944 4567 der
962 4512 1073 4578 Lehrer,
1094 4510 1195 4566 sehafft
1214 4509 1282 4565 aber
1300 4510 1355 4564 den
1374 4509 1456 4578 lupus
1478 4507 1524 4562 ab.
