3460 5314
835 477 966 532 Facultas
984 477 1106 533 Artium.

507 709 561 774 De
583 713 702 774 statu
724 707 996 774 studentium
1022 706 1252 773 facultatis
1275 710 1439 776 artium.

463 856 514 931 31,
538 849 671 926 Placuit,
695 856 729 916 vt
753 848 889 931 quilibet
911 851 978 912 tam
1002 845 1228 913 Baccalaureus
1251 870 1348 932 quam
1368 848 1506 916 Scolaris
1529 853 1581 917 di-

373 957 510 1043 ligenter
547 954 657 1019 audire
689 954 833 1018 teneatur
867 971 977 1016 omnes
1014 951 1232 1017 lectiones
1265 952 1475 1020 formales
1508 979 1580 1022 cum

374 1166 528 1243 tinum,
559 1167 614 1228 aut
644 1184 682 1227 ex
705 1184 768 1245 quo
800 1161 879 1228 alios
911 1161 1041 1226 alterius
1077 1161 1127 1224 rel
1158 1161 1244 1226 illius
1266 1163 1315 1226 vie
1338 1163 1507 1249 magistros
1529 1165 1580 1230 vel
1639 1222 1644 1228 .

376 1270 602 1335 Baccalaureos
634 1267 832 1343 exacerbari,
865 1267 1001 1331 morderi
1033 1266 1093 1330 vel'
1111 1266 1151 1331 ad
1180 1266 1388 1332 dissentiones
1411 1270 1577 1351 prouocuri

374 1373 550 1459 contingat.
598 1371 648 1436 Ad
673 1393 752 1455 quas
776 1372 1007 1455 precaueudum
1029 1371 1227 1449 ordinamus,
1252 1373 1335 1455 quod
1358 1372 1497 1456 pedellus
1518 1395 1578 1458 per

376 1477 557 1561 quindecim
582 1475 647 1539 dies
672 1478 858 1558 permoneat
880 1474 1070 1560 magistrum
1091 1475 1142 1538 rel
1156 1474 1393 1542 baccalaureum
1414 1498 1574 1559 praeessu·

374 1605 455 1659 rum,
479 1584 636 1665 quatenus
660 1600 694 1642 se
716 1578 865 1663 disponat
887 1579 926 1643 ad
942 1579 1173 1663 presidendum,
1197 1585 1293 1664 atque
1312 1581 1346 1644 in
1369 1585 1481 1646 octaua
1503 1587 1578 1647 aute

373 1709 427 1754 sue
450 1685 675 1772 disputationis
699 1684 783 1748 diem
809 1686 1036 1750 tradateidem
1059 1685 1183 1770 pedello
1202 1685 1343 1750 sedulam
1366 1708 1494 1752 suarum
1518 1709 1577 1770 po-

372 1791 525 1856 sitionum
548 1789 822 1875 disputandam,
844 1811 939 1872 quam
962 1789 1099 1854 ebidem
1122 1790 1262 1874 pedellus
1285 1791 1388 1871 primo
1410 1795 1484 1856 ante
1506 1813 1576 1856 om·

374 1918 448 1962 nem
470 1894 641 1961 earundem
671 1893 868 1978 positionum
904 1895 1139 1960 intimationem
1165 1896 1215 1962 vel
1237 1896 1484 1981 publicationem
1506 1917 1579 1980 pre-

374 2005 499 2066 sentare
518 2003 664 2064 teneatur
682 1999 816 2082 antiquo
831 2000 957 2077 decano,
981 2000 1162 2065 consiliario
1176 2001 1309 2066 ulterius
1324 2001 1384 2078 vie,
1407 2022 1478 2064 cum
1494 2021 1579 2066 nouo

374 2105 491 2170 decano
514 2104 654 2168 eiusdem
676 2102 849 2196 facultatis,
874 2104 988 2188 quibus
1011 2106 1040 2168 si
1061 2127 1126 2170 non
1142 2106 1180 2170 de
1195 2107 1340 2172 concordi
1362 2109 1435 2172 roto
1459 2106 1578 2170 rtrius·

373 2231 434 2293 que
457 2210 508 2273 vel
530 2208 622 2272 vnius
646 2211 785 2285 tantum,
809 2208 939 2273 alterius
961 2209 1045 2274 forte
1068 2209 1126 2287 vie,
1151 2211 1184 2274 in
1200 2232 1263 2293 qua
1278 2211 1431 2295 magister
1452 2231 1578 2293 preses·

373 2335 465 2378 surus
487 2317 543 2391 est,
569 2313 740 2398 positiones
765 2313 832 2396 ipse
847 2312 897 2377 rel
920 2335 1028 2378 earum
1043 2313 1159 2399 aliqua,
1184 2318 1239 2379 aut
1254 2316 1422 2380 earundem
1437 2314 1577 2398 ponendi

372 2418 483 2483 modus
506 2417 703 2502 placuerint,
736 2421 881 2482 teneatur
904 2423 1020 2484 extunc
1040 2420 1182 2503 prefatus
1212 2420 1365 2504 magister
1388 2419 1435 2482 vel
1459 2417 1577 2482 Bacca·

372 2522 497 2586 laureus
527 2522 764 2605 disputaturus,
796 2525 903 2588 taliter
926 2524 1061 2589 alterare
1092 2530 1124 2590 et
1145 2527 1267 2590 variare
1297 2525 1470 2609 positiones
1493 2545 1575 2600 suas,

373 2626 509 2710 qualiter
532 2627 571 2690 ab
594 2629 727 2710 vtroque
753 2628 960 2694 decernentur
983 2631 1189 2714 disputande,
1220 2631 1363 2715 alioquin
1386 2629 1515 2694 omnino
1538 2627 1577 2692 de

370 2733 434 2796 illis
456 2732 709 2816 supersedeatur.

457 2837 564 2902 Verba
586 2843 690 2902 autem
717 2840 906 2917 mordentia,
930 2840 1149 2905 exacerbatiua
1164 2843 1259 2922 atque
1274 2839 1435 2923 punctiua,
1458 2861 1477 2902 a
1500 2837 1572 2921 qui-

371 2941 485 3005 busin
507 2942 585 3026 ipsis
608 2943 820 3026 positionibus
845 2944 1011 3030 erogandis
1028 2948 1123 3027 atque
1138 2943 1325 3008 intimandis
1348 2942 1572 3006 abstinendum

371 3049 428 3123 est,
452 3044 509 3110 heo
539 3067 599 3128 quo
621 3053 816 3130 sequuntur,
850 3055 881 3112 et
910 3050 954 3114 eis
977 3050 1192 3132 equiualentia
1214 3051 1405 3124 indicamus,
1437 3048 1571 3124 heresis,

369 3150 548 3228 decreticum,
572 3154 705 3231 sopiens
727 3153 873 3231 heresim,
897 3173 1062 3218 erroreum
1085 3155 1120 3218 iu
1142 3155 1215 3234 fide,
1239 3157 1421 3233 suspectum
1442 3153 1478 3216 ire
1498 3153 1574 3232 fide,

365 3255 594 3336 periculosum,
619 3277 785 3336 sorremare,
810 3278 993 3336 erroreum,
1026 3259 1125 3323 eciam
1147 3258 1174 3322 si
1195 3259 1229 3322 ie
1250 3257 1315 3336 [ide
1336 3277 1399 3319 non
1423 3258 1573 3338 apponat,

371 3360 533 3442 stolidum,
549 3362 724 3439 asininum,
739 3364 975 3442 irrationabile,
986 3363 1212 3442 falsissimum,
1229 3360 1574 3442 irrprobobilissimam,

369 3464 584 3544 oroledictum,
607 3465 656 3529 vel
679 3466 730 3530 his
753 3468 852 3532 eciam
875 3468 1043 3546 contraria,
1066 3469 1116 3532 vel
1138 3469 1243 3550 mauis
1265 3464 1478 3541 rationabile,
1504 3485 1572 3528 rreu-

366 3571 421 3650 pis
440 3569 624 3649 probabile,
656 3572 874 3651 verissimum,
906 3574 1011 3656 inopis
1033 3594 1155 3650 rerem,
1185 3573 1290 3653 inopis
1314 3569 1495 3650 probabile,
1526 3569 1575 3632 rel

364 3670 687 3752 probabilissimum,
714 3696 775 3757 que
802 3677 909 3740 omnia
932 3681 964 3740 et
986 3676 1093 3740 decani
1115 3679 1147 3740 et
1169 3675 1421 3740 consiliariorum
1444 3695 1574 3738 suorum

368 3774 483 3838 iudicio
501 3776 620 3858 pariter
636 3782 669 3842 et
683 3779 868 3846 discretioni
886 3780 1032 3844 duximus
1048 3778 1274 3845 committenda
1288 3779 1327 3844 ad
1342 3778 1571 3842 arbitrandum.

456 3879 547 3944 Etsi
569 3882 684 3965 aliquis
707 3886 938 3971 magistrorum
961 3884 1035 3949 huic
1054 3883 1174 3948 salubri
1196 3887 1317 3948 statuto
1332 3904 1396 3946 non
1420 3883 1571 3965 paruerit,

367 4006 476 4048 rerum
499 3985 638 4070 aliquam
654 3989 852 4072 positionem,
877 4012 937 4074 que
960 3988 1079 4073 aliquid
1094 4011 1131 4054 ex
1149 3988 1198 4053 his
1221 3987 1335 4065 verbis,
1358 3990 1414 4050 aut
1430 3987 1475 4050 eis
1498 4007 1573 4051 cou-

367 4089 525 4153 similibus
548 4092 735 4170 contineret,
760 4095 971 4170 intimauerit,
996 4094 1065 4177 ipsa
1086 4115 1150 4158 non
1167 4095 1351 4177 preostenso
1373 4113 1430 4156 nec
1453 4113 1570 4177 appro-

368 4191 451 4270 bata,
476 4196 570 4260 modo
595 4198 757 4282 predicto,
781 4199 813 4263 Is
836 4199 904 4283 ipso
926 4199 1027 4277 lactc,
1052 4198 1185 4262 duorum
1206 4197 1397 4261 florenorum
1419 4193 1572 4259 mulctam

367 4298 484 4363 artium
506 4300 566 4366 fac.
602 4302 676 4368 fisco
700 4303 962 4370 irremissibiliter
991 4303 1172 4370 soluendam
1201 4304 1350 4366 incurrat.
1396 4299 1573 4384 Suspensus

367 4425 491 4490 quoque
513 4408 556 4472 sit
578 4432 597 4473 a
619 4409 776 4494 regimine
795 4411 854 4475 iac.
872 4410 998 4488 artium,
1022 4413 1117 4493 atque
1133 4408 1172 4473 ab
1187 4405 1334 4472 omnibus
1349 4405 1573 4470 emolumentis

366 4510 522 4592 eiusdem,
547 4513 592 4578 ita
616 4515 701 4602 quod
728 4517 853 4580 nullum
875 4516 925 4579 ius
947 4514 1049 4579 cidem
1073 4513 1107 4578 in
1129 4512 1207 4596 hijs,
1238 4512 1271 4575 in
1296 4531 1482 4596 quocunque
1504 4493 1587 4575 loro⁸
