3320 5308
345 464 410 531 570
900 451 982 522 1107·

346 627 397 688 51.
422 621 583 687 Johannes
606 621 742 688 Herholt
765 622 909 708 (Herelt)
933 644 971 688 ex
993 621 1097 688 Hellis
1122 626 1171 689 19.
1295 663 1300 672 ·

343 731 394 792 52.
417 726 611 792 Wernherus
633 727 711 813 Sags
735 728 772 792 de
795 725 961 813 Fsslingen
988 731 1038 793 20.

344 835 394 895 53.
419 831 581 897 Conredus
603 830 760 917 Vngelter
783 832 820 896 de
843 829 1013 917 Esslingen
1036 835 1088 897 20.

342 939 392 1000 54.
417 934 577 999 Johaunes
601 934 1090 1022 0511515555Η51151551355515
1114 941 1165 1002 28.

343 1045 393 1106 55.
417 1041 578 1106 conradus
600 1041 756 1126 Wysshur
781 1041 977 1127 (Wysshnrt)
1001 1042 1039 1108 de
1062 1041 1195 1107 0555151
1218 1041 1339 1126 penult

344 1149 395 1210 56.
419 1144 471 1210 Fr.
496 1145 633 1211 Jacobus
656 1145 811 1232 Vngelter
833 1169 871 1211 ex
894 1147 1083 1233 Stutgerten
1105 1147 1171 1211 ord.
1197 1167 1296 1230 prem.
1320 1145 1355 1209 in
1372 1143 1551 1232 Adelberg.

855 1252 1036 1318 December.

348 1357 399 1418 57.
422 1352 603 1420 Jeronimus
625 1355 771 1442 Huniger
794 1357 963 1443 (Heuiger)
985 1378 1023 1422 ex
1045 1355 1215 1441 Esslingen
1239 1359 1268 1419 3.

343 1461 394 1521 58.
419 1457 584 1524 Zeehuries
606 1458 742 1524 sartoris
764 1461 971 1547 Augustanus
994 1462 1077 1528 0555.
1102 1460 1270 1526 vienensis
1294 1464 1323 1524 3.

346 1564 396 1626 59.
420 1560 582 1628 Joheuues
605 1565 770 1650 Wylhelm
793 1566 832 1631 de
853 1566 1039 1652 Stutgardia
1062 1570 1090 1630 3.

893 1669 992 1738 1508.

349 1842 352 1848 .
856 1775 1035 1840 Jnnuerius.

343 1880 394 1940 60.
419 1874 511 1941 Oenr.
536 1876 765 1943 Weehendorff
784 1880 822 1944 de
843 1879 1030 1966 Rotenburg
1051 1879 1135 1944 baeu.
1161 1879 1374 1964 Wytenburg.
1403 1885 1431 1942 l.

346 1985 396 2044 61.
420 1979 643 2067 Wolffgangus
665 1981 878 2069 Rockenburg
901 2006 939 2049 ex
963 1983 1155 2070 Gtsslingen
1180 1989 1209 2049 6.

347 2089 399 2149 62.
423 2086 561 2151 Thomas
584 2087 740 2153 Berdotus
762 2089 800 2152 de
822 2087 1109 2175 Montepelligurdo
1132 2089 1260 2154 studens
1284 2086 1383 2152 Paris.
1409 2091 1439 2150 7.

345 2194 396 2255 63.
420 2189 570 2256 Nicotaus
592 2191 816 2294 8511515115151
837 2190 1052 2280 Weyblingen
1078 2198 1106 2258 7.

342 2298 393 2358 64.
417 2294 577 2360 Oonredus
600 2296 678 2361 Boss
702 2318 738 2361 ex
762 2297 959 2382 Vberlingen
981 2297 1111 2363 studens
1137 2296 1284 2382 Friburg.
1308 2299 1338 2359 8.

342 2405 392 2464 65.
418 2399 602 2466 Dominieus
625 2399 740 2465 Sehutn
761 2423 799 2466 ex
821 2398 1037 2488 Wayblingen
1059 2407 1089 2467 8.

342 2509 393 2570 66.
418 2505 602 2570 Anthonius
625 2505 714 2570 Brun
737 2529 775 2572 ex
797 2507 1000 2594 Herrenberg
1029 2512 1075 2573 10.

341 2614 392 2675 67.
417 2608 562 2675 Andreas
585 2609 684 2675 Krete
707 2613 745 2677 de
767 2612 914 2677 Wolfech
942 2618 991 2678 13.

342 2719 392 2778 68.
417 2713 605 2780 Vincentius
628 2714 728 2782 Linek
752 2718 789 2781 (15
812 2716 959 2782 Furbaeh
984 2721 1034 2781 17.

341 2824 392 2884 69.
415 2819 585 2885 Heinricus
607 2820 777 2906 Rutlinger
800 2844 838 2886 ex
861 2821 1066 2906 Rottenburg
1088 2821 1174 2886 been.
1200 2818 1420 2904 Witennberg.
1446 2821 1502 2882 20.

341 2929 392 2989 70.
416 2924 579 2991 Johennes
603 2924 824 2991 Gloekenthon
846 2947 884 2988 ex
907 2923 1100 3010 Nurnberge
1123 2925 1206 2989 5555.
1230 2911 1317 3008 Lips.
1343 2925 1393 2985 20.

342 3035 392 3094 71.
416 3030 569 3096 Albertus
592 3031 679 3096 Gselt
702 3052 739 3096 ex
764 3029 948 3094 Herthusen
972 3030 1055 3094 5555.
1079 3029 1165 3094 Frib.
1191 3033 1242 3093 20.

838 3134 1038 3200 Februarius.

342 3241 392 3301 72.
417 3239 554 3305 Thomas
578 3239 683 3306 Kados
707 3262 744 3305 ex
767 3240 1039 3326 Munderehingen
1064 3246 1092 3306 3.

342 3344 392 3406 73.
416 3342 526 3409 Simon
548 3343 643 3426 Fabri
666 3368 704 3409 ex
727 3344 899 3431 Heffingen
923 3349 952 3409 8.

345 3448 395 3512 74.
418 3448 581 3514 Johannes
605 3447 723 3514 Geffler
745 3451 783 3515 (15
806 3450 896 3516 Horb
920 3455 949 3514 9.

343 3557 393 3617 75.
417 3551 529 3618 Petrus
551 3553 707 3639 Wylheiu
729 3553 768 3619 de
790 3554 920 3620 Buehen
941 3555 1026 3620 bees.
1052 3555 1276 3642 Friburgensis
1302 3560 1350 3619 19.

341 3661 391 3722 76.
416 3657 578 3722 Johennes
602 3657 740 3744 Vnglert
762 3661 800 3724 de
823 3658 994 3724 Grunbeeh
1020 3656 1270 3746 (Grienenbeeh)
1295 3663 1345 3722 21.

341 3769 392 3828 77.
418 3762 587 3828 Geruasins
610 3763 765 3829 Boebiseh
786 3763 825 3827 de
847 3762 1044 3846 Cempidoua
1069 3769 1119 3828 22.

867 3868 1013 3933 Martius.

341 3979 391 4039 78.
416 3973 593 4059 Eglolphus
616 3972 800 4038 Riethumer
824 3973 1099 4060 Angelbergensis
1125 3978 1152 4037 1.

341 4084 391 4143 79.
415 4079 577 4144 Johennes
601 4078 796 4163 Bresperger
819 4101 857 4142 ex
879 4077 988 4142 Vreeh
1012 4084 1040 4143 9.

339 4189 390 4249 80.
416 4184 534 4271 Cesper
558 4182 722 4249 Gloekeler
745 4183 783 4247 de
806 4182 1035 4268 Gamertingen
1060 4189 1109 4247 10.

407 4341 448 4394 51.
458 4339 495 4393 M.
506 4342 539 4395 A.
550 4339 625 4394 1512.
637 4369 669 4380 -
681 4341 723 4394 57.
732 4338 769 4392 M.
780 4339 812 4392 A.
823 4339 899 4394 1513.
911 4369 940 4377 -
953 4339 996 4393 60.
1005 4337 1036 4391 15
1045 4335 1128 4391 Witt.
1140 4337 1221 4391 inser.
1234 4338 1310 4394 1503.
1322 4366 1351 4377 -
1365 4338 1408 4391 63.
1418 4337 1505 4394 saul
1515 4357 1534 4396 5
1545 4360 1562 4395 r

338 4427 375 4482 M.
385 4427 419 4483 A.
430 4429 505 4484 1511.
523 4427 606 4482 111555
619 4445 666 4481 um
675 4425 744 4480 81111
753 4425 785 4481 15
794 4425 940 4494 stuttgart
955 4429 972 4490 †
983 4425 1059 4480 1526.
1075 4455 1101 4463 —-
1114 4425 1156 4480 66.
1167 4424 1203 4478 M
1214 4424 1247 4477 A.
1259 4424 1335 4478 1514.
1348 4453 1377 4463 -·
1390 4425 1434 4478 67.
1446 4424 1475 4478 Κ
1486 4443 1503 4482 5
1517 4431 1562 4483 tn

340 4515 376 4568 M.
389 4515 423 4570 A.
436 4515 513 4570 1509.
528 4543 558 4553 -
573 4516 615 4570 73.
634 4529 667 4570 51
679 4511 932 4580 Herrenbernge.
952 4542 985 4553 -
1005 4511 1046 4566 80.
1059 4511 1215 4578 9551151,
1234 4510 1346 4583 Gogel
1365 4511 1447 4565 MA
1471 4517 1562 4574 1512,
