3460 5314
806 472 938 526 Facultas
957 471 1080 526 Artium.

619 699 873 765 duramenta
895 699 1280 786 promouendorum.

437 845 488 908 58.
513 839 595 909 Item
618 840 928 924 promouendus
950 838 986 904 in
1008 839 1149 916 artibus,
1182 838 1366 921 priusquam
1389 836 1428 900 ad
1451 839 1555 919 temp·

341 949 457 1024 ,umen
481 946 689 1026 admittatur,
722 943 806 1009 iuret
837 945 872 1008 in
902 965 1015 1008 manus
1046 942 1155 1009 decani
1186 965 1290 1008 eoram
1313 946 1382 1008 tota
1404 940 1556 1006 facultate

350 1052 407 1118 hec
429 1073 490 1134 que
512 1054 689 1135 sequuntur
712 1049 869 1133 capitula:
893 1049 1030 1133 primo
1053 1047 1137 1130 quod
1160 1070 1179 1112 a
1201 1047 1251 1110 die
1267 1046 1497 1112 intitulacionis
1519 1045 1554 1107 in

350 1155 553 1223 Matriculam
577 1154 795 1219 vniuersitatis
818 1153 1024 1238 compleuerit
1052 1153 1158 1217 studio
1180 1153 1321 1224 vacando
1342 1174 1461 1216 annum
1483 1172 1553 1215 cum

351 1259 483 1326 dimidio
507 1261 541 1324 in
562 1258 621 1326 hae
643 1258 849 1326 uniuersitate
880 1257 930 1322 vel
953 1257 1016 1322 alia
1037 1261 1094 1322 aut
1116 1257 1150 1321 in
1180 1256 1240 1322 hae
1262 1257 1311 1322 vel
1335 1257 1398 1322 alia
1422 1256 1553 1341 priuile-

352 1365 441 1451 giata
462 1364 576 1432 stando
599 1363 680 1428 inibi
704 1362 871 1432 ordinarie.
918 1361 952 1427 Si
966 1366 1072 1426 aulem
1095 1362 1186 1428 iuxta
1200 1367 1322 1428 statuta
1338 1362 1555 1428 uniuersitatis

354 1468 605 1537 extraordinarie
628 1466 755 1535 steterit
786 1466 865 1530 duos
895 1487 996 1533 annos
1026 1487 1059 1530 se
1090 1467 1295 1551 eomplenisse
1318 1468 1446 1532 iurabit.
1492 1465 1555 1531 Se·

351 1597 431 1639 eun
444 1575 492 1638 do
515 1573 600 1656 quod
622 1595 641 1637 a
663 1573 713 1637 die
737 1572 969 1638 intitulaeionis
985 1572 1019 1638 in
1035 1572 1237 1638 Matrioulam
1262 1573 1478 1640 vninersitatis
1501 1576 1557 1637 aut

349 1681 448 1746 ceiam
472 1679 644 1755 facultatis,
668 1678 696 1742 si
709 1676 937 1744 Bacoalaureua
953 1677 1060 1758 finerit,
1086 1678 1170 1744 infra
1192 1682 1318 1763 tempus
1334 1676 1556 1762 complecionis

351 1783 511 1852 audiuerit
534 1803 642 1846 omnes
664 1780 816 1847 lectiones
837 1782 988 1848 formales
1011 1805 1082 1848 cnm
1098 1784 1256 1848 exerciciis
1271 1782 1441 1848 secundnm
1464 1804 1556 1848 sunm

349 1893 483 1969 statum,
508 1891 543 1954 vt
558 1887 767 1971 premittitur,
790 1911 809 1951 a
831 1888 988 1972 principio
1012 1910 1112 1972 vsque
1134 1889 1173 1952 ad
1196 1889 1292 1954 finem
1315 1888 1495 1973 diligenter,
1518 1908 1557 1950 ex

349 1997 441 2058 textu
465 1991 594 2078 proprio
618 1993 668 2056 vel
691 1991 764 2071 alio,
788 1992 834 2058 ite
856 1995 973 2071 tamen,
998 1993 1081 2076 qnod
1103 1993 1257 2059 audiendo
1280 2017 1317 2059 ex
1340 1993 1443 2060 alieno
1466 1997 1556 2056 textu

352 2119 416 2162 non
438 2096 501 2161 nisi
524 2096 743 2160 metsecundns
766 2101 822 2161 aut
851 2098 966 2162 tercius
998 2096 1105 2162 fuerit.
1148 2098 1299 2164 Tereio
1331 2099 1450 2164 iurabit
1473 2097 1556 2181 quod

350 2203 511 2285 hucusque
541 2202 581 2266 ab
610 2201 708 2266 inicio
738 2224 793 2266 sue
823 2202 1046 2288 complecionis
1075 2225 1185 2268 omnes
1215 2203 1448 2287 disputaciones
1471 2202 1556 2266 ordi·

353 2309 460 2373 uarias
481 2306 711 2391 Magistrorum
744 2306 940 2384 visitauerit,
970 2311 1003 2372 et
1024 2306 1160 2372 Soolaris
1191 2307 1318 2392 quidem
1348 2329 1368 2370 a
1390 2306 1556 2390 principio,

350 2412 577 2480 Baccalaureus
606 2432 680 2476 vero
711 2433 730 2474 a
761 2412 980 2495 proposicione
1012 2412 1234 2496 questionum,
1266 2433 1364 2494 vsque
1392 2411 1431 2474 ad
1460 2411 1555 2474 finem

351 2516 576 2601 permanserit,
608 2516 752 2599 quodque
775 2517 921 2580 adminus
945 2527 1057 2601 quater
1079 2516 1244 2602 Magistris
1271 2517 1430 2582 ordinarie
1454 2517 1557 2582 ethis

354 2621 603 2686 extraordinarie
633 2621 773 2705 aliasque
805 2622 954 2705 quociens
984 2646 1003 2687 a
1034 2622 1190 2708 Magistro
1221 2645 1276 2686 sue
1307 2623 1355 2686 vie
1385 2622 1555 2708 requisitus

355 2727 462 2803 fuerit,
486 2726 693 2810 responderit.
740 2724 901 2801 Quarto
932 2729 1049 2793 iurabit
1071 2727 1297 2793 Baeealaureus
1325 2728 1357 2792 in
1381 2729 1556 2814 quadrage·

350 2835 432 2897 sima
461 2837 573 2916 quater
605 2836 638 2895 et
667 2831 834 2895 dominicis
866 2832 975 2897 diebus
1005 2834 1096 2897 iuxta
1118 2833 1281 2898 Slatntum
1310 2857 1344 2898 se
1367 2834 1554 2918 disputasse,

351 2939 486 3004 Sceleris
510 2960 584 3004 vero
607 2937 744 3014 iurabit,
776 2939 860 3022 quod
883 2943 996 3023 quater
1026 2940 1171 3004 adminns
1202 2937 1359 3003 ordinarie
1389 2936 1556 3001 dominicis

351 3044 461 3108 diebus
491 3048 524 3108 et
546 3043 715 3127 quinquies
738 3043 1002 3123 extraordinarie,
1027 3045 1058 3109 in
1083 3044 1324 3131 quadragesima
1347 3043 1557 3108 Baooalameo

350 3150 402 3214 vel
424 3149 640 3214 Baccalanreia
663 3150 870 3233 responderit,
895 3171 1028 3234 quornm
1052 3150 1152 3215 eciam
1174 3149 1406 3233 disputaciones
1429 3147 1556 3212 ordina·

303 3311 305 3316 .
352 3255 415 3320 rias
437 3254 603 3319 dominicis
625 3253 735 3318 diebus
758 3253 931 3340 diligenter
954 3277 974 3319 a
996 3255 1152 3339 principio
1183 3276 1280 3337 vsque
1301 3254 1335 3317 in
1366 3253 1463 3317 finem
1484 3274 1557 3336 per-

352 3359 507 3423 manendo
529 3358 708 3424 visitauerit
731 3359 800 3423 sine
821 3359 902 3424 dolo.
954 3359 989 3424 Si
1011 3361 1082 3443 quis
1104 3360 1240 3443 denique
1263 3360 1297 3422 iu
1319 3357 1484 3441 premissis
1507 3359 1558 3422 vel

352 3463 459 3547 aliquo
481 3485 598 3528 eornm·
612 3463 746 3542 deficiat,
770 3463 830 3528 hoc
853 3485 958 3529 coram
981 3465 1099 3530 decano
1121 3469 1154 3529 et
1177 3463 1330 3527 facultate
1353 3462 1555 3545 (prinsquam

352 3569 391 3633 ad
426 3568 638 3633 iuramentum
674 3567 876 3652 admittatur)
916 3569 1053 3654 deponat
1086 3569 1357 3652 dispensacionem
1391 3567 1433 3651 (si
1465 3569 1557 3650 velit)

352 3673 489 3756 petendo
510 3673 531 3736 ¹.

621 3846 675 3911 De
698 3848 1040 3934 temptatoribus
1064 3845 1289 3934 eligendis

441 3993 492 4053 59.
516 3987 628 4053 Voluit
649 3988 784 4053 facultas
806 3992 838 4052 et
860 3988 1030 4066 ordinauit,
1054 3987 1137 4071 quod
1158 3987 1375 4052 Baccalaureis
1398 3989 1464 4054 siue
1479 3987 1556 4055 Sco·

353 4093 473 4159 laribus
497 4095 660 4177 utriusque
677 4094 725 4158 vie
740 4115 796 4177 per
812 4098 913 4158 totam
929 4093 1114 4158 facultatem
1129 4094 1169 4157 ad
1184 4097 1380 4177 temptamen
1398 4095 1556 4173 admissis,

353 4199 514 4285 eligantur
536 4221 592 4283 per
614 4204 732 4264 sortem
749 4203 886 4283 quatuor
896 4199 1046 4284 Magistri
1061 4220 1120 4281 pro
1134 4199 1330 4282 temptandis
1354 4199 1387 4263 in
1412 4201 1557 4282 qualibet

445 4401 530 4463 ¹Der
547 4408 621 4464 Titel
640 4409 712 4464 fehlt
730 4409 761 4464 in
780 4403 816 4468 B.
845 4429 883 4466 an
900 4411 990 4467 dieser
1009 4411 1109 4475 stelle,
1137 4428 1158 4464 s.
1176 4409 1274 4480 jedoch
1298 4409 1369 4464 oben
1394 4410 1448 4465 den
1466 4409 1559 4466 'litelz

354 4506 568 4594 interrogetur
591 4509 833 4592 promouendus.
