3442 5314
519 464 544 517 8.
571 461 705 518 Statuten
722 477 787 518 rom
805 461 830 516 9.
849 460 914 517 Okt.
935 463 1011 518 14⁷7.
1324 464 1364 528 51

157 619 250 702 ploolr
283 621 378 708 uulgo
411 621 613 687 nominatum
640 619 660 682 ¹.
722 619 834 686 Glauce
873 641 996 703 quoque
1029 619 1123 684 burae
1158 618 1367 704 personaliter

158 723 227 808 ipse
257 725 350 792 bursa
380 725 496 792 Rector
529 725 685 790 custodiat
717 724 766 790 vel
803 724 888 788 illius
912 721 1152 790 Commissariue
1181 723 1304 790 iuratus
1333 728 1367 790 et

161 829 273 896 fidelis.

249 934 396 1000 Preterea
417 935 632 1002 inobedientes
660 933 793 998 rebelles
815 937 846 997 et
869 933 979 1000 ducali
1002 939 1035 999 et
1057 934 1207 1019 precipue
1231 934 1286 1014 hii,
1311 934 1366 1019 qui

160 1040 411 1125 conspirationes
434 1039 604 1106 discordias
635 1042 690 1104 aut
713 1038 776 1104 alia
799 1039 913 1104 illicita
936 1039 970 1104 in
992 1039 1098 1104 bursis
1120 1039 1268 1119 excitant,
1292 1040 1367 1104 dum

160 1147 300 1212 conuicti
331 1145 511 1230 superbiis
535 1144 676 1221 fuerint,
708 1144 746 1210 de
769 1144 864 1210 bursa
887 1144 1091 1208 dimittantur
1113 1149 1144 1210 et
1168 1143 1367 1229 expellantur

160 1271 234 1316 cum
257 1251 368 1316 effectu
391 1248 433 1316 lit
453 1248 682 1314 nichilominus
705 1251 867 1335 integrum
889 1271 1019 1316 censum
1043 1250 1076 1314 in
1099 1271 1215 1334 penam
1236 1271 1367 1314 suorum

161 1377 322 1420 excessum
344 1355 466 1422 subiere
487 1358 670 1419 teneamur.

251 1460 332 1528 Item
361 1461 469 1526 nullus
490 1459 725 1526 &necatorum
759 1465 920 1545 presumat
950 1481 1150 1545 equaquam
1173 1460 1212 1525 ad
1235 1461 1365 1525 bursam

162 1587 253 1630 suam
276 1566 463 1646 diuerteute,
486 1587 547 1651 pro
570 1566 754 1634 vtensiliurn
775 1567 1015 1634 conseruatione
1039 1564 1110 1651 plus
1133 1574 1270 1650 quatuor
1291 1567 1367 1632 soli·

161 1671 219 1734 dos
241 1669 398 1736 hallenses
421 1671 548 1756 exigere
573 1678 629 1738 aut
652 1673 757 1738 minus
780 1673 928 1758 recipere.

252 1775 333 1840 Item
356 1799 395 1842 ex
418 1776 513 1842 bursa
537 1778 586 1862 (rt
607 1778 779 1863 prefertur)
803 1779 926 1844 dimissi
948 1783 984 1844 ct
1002 1777 1126 1862 expulsi
1149 1779 1279 1861 propter
1301 1777 1367 1842 dis·

164 1883 215 1944 tas
239 1901 349 1946 causas
373 1882 430 1945 aut
454 1882 634 1947 consimiles
656 1883 695 1947 ad
717 1881 795 1948 alias
818 1882 929 1946 bursas
958 1883 1143 1948 nullatenus
1164 1881 1368 1965 recipiantur,

163 1985 227 2050 nisi
242 1985 359 2050 Rector
376 1987 595 2052 uniuersitatis
620 2009 684 2050 rna
705 2007 777 2052 oum
799 1989 935 2070 quatuor
956 1987 1146 2052 facultatum
1161 1986 1286 2052 demnis
1309 1986 1368 2050 du·

162 2090 271 2156 xerint
304 2113 356 2156 eos
391 2091 458 2157 fore
489 2092 684 2176 recipiendos
714 2091 868 2175 Alioquin
901 2112 954 2156 eos
988 2091 1142 2176 recipiens
1172 2090 1367 2176 aregimine

164 2195 262 2260 burae
284 2217 340 2280 per
362 2197 501 2261 medium
524 2217 645 2260 annum
667 2196 710 2260 sil
733 2217 904 2281 suspensus
926 2197 994 2280 ipso
1017 2196 1112 2262 iacto.

259 2298 339 2366 Item
364 2301 472 2366 nullus
488 2302 657 2367 scolarium
671 2302 722 2366 vel
735 2302 1010 2368 baccalaureorum
1024 2303 1063 2367 de
1078 2302 1229 2368 facultate
1251 2301 1369 2366 artium

164 2404 312 2485 existens,
335 2427 431 2490 quam
454 2406 509 2470 diu
525 2411 614 2472 extra
629 2407 757 2472 bursam
775 2407 894 2472 locatus
910 2407 1016 2486 fuerit,
1040 2406 1218 2492 priuilegiis
1241 2407 1367 2470 rniuer-

164 2509 269 2573 sitatis
302 2509 438 2594 gaudere
472 2515 529 2575 aut
561 2533 619 2596 pro
643 2512 789 2577 studente
811 2511 910 2589 tueri,
941 2533 996 2576 seu
1027 2511 1061 2575 in
1083 2511 1143 2576 hac
1164 2508 1371 2576 uniuersitate

164 2615 316 2680 lectiones
347 2616 409 2680 sibi
442 2617 480 2681 ad
503 2617 639 2703 gradum
661 2617 856 2701 computari,
887 2617 936 2681 rel
958 2615 997 2680 ad
1020 2613 1158 2698 aliquem
1180 2615 1313 2700 gradum
1336 2614 1369 2678 in

164 2719 288 2784 artibus
310 2722 490 2805 promoueri
512 2722 624 2788 debeat
648 2721 720 2788 Nisi
742 2743 835 2790 causa
857 2721 1041 2786 rationabili
1062 2720 1235 2798 suadente,
1259 2725 1291 2785 et
1313 2741 1369 2804 per
1487 2781 1490 2794 ,

167 2875 371 2886 ...α-...-

236 2947 248 3000 l
269 2943 355 3000 Hieau
373 2945 419 3000 ein
439 2945 590 3017 Nachtrag
607 2947 636 3003 in
656 2947 815 3004 demeelben
835 2948 985 3018 Exemplar
1004 2947 1053 3002 der
1071 2946 1217 3002 Statuten:

237 3033 319 3088 Anuo
336 3033 384 3088 dui
407 3035 476 3090 1484
503 3035 547 3090 die
576 3036 649 3092 festa
667 3036 693 3090 S.
714 3035 836 3092 Conradi
853 3034 973 3106 episcopi
992 3036 1057 3092 orta
1072 3034 1217 3090 dubietate
1242 3033 1276 3088 de
1295 3033 1371 3088 olau-

165 3136 233 3173 sura
251 3118 400 3175 bursarum
417 3123 564 3192 presertim
583 3127 709 3194 tempore
726 3124 832 3192 yemali
849 3121 1001 3180 Conuceati
1021 3125 1089 3177 tunc
1106 3140 1156 3192 per
1173 3121 1312 3191 insignem
1331 3122 1372 3176 ri·

164 3223 228 3260 rum
245 3206 319 3262 dom.
338 3207 487 3263 Consanus
506 3209 610 3264 Bosara
637 3211 773 3266 decanum
800 3211 910 3266 ecclesie
928 3209 1078 3278 collegiata
1096 3226 1203 3263 necnon
1222 3208 1368 3263 Rectorem

166 3293 248 3348 huius
266 3295 659 3367 vniaersitatisTuwingensis
676 3298 758 3353 illam
777 3299 1009 3368 representantes,
1028 3294 1160 3351 videlicet
1177 3294 1250 3350 dom.
1270 3293 1371 3350 Ductor

167 3377 335 3436 Carsrassus
359 3383 548 3454 [Wolmann]‚
574 3384 601 3438 d.
626 3385 728 3441 Doctor
754 3384 796 3440 Jo.
825 3385 1027 3448 Ostraaraoaa,
1059 3383 1086 3437 d.
1105 3383 1208 3438 Doctor
1232 3381 1372 3436 Gronorue
1446 3401 1449 3408 ·

169 3467 352 3536 Hurzmsaa,
371 3471 398 3525 d.
416 3471 577 3528 licentiatus
595 3474 736 3538 Earsoaa,
754 3473 790 3527 M.
808 3473 851 3527 Jo.
868 3473 975 3526 Hraxaa
992 3471 1113 3527 decanus
1130 3471 1182 3525 fac
1202 3470 1314 3536 artium,
1333 3470 1370 3524 Μ.

171 3555 343 3612 Wruaxnrrus
360 3558 545 3624 Murscaanrn,
564 3560 601 3614 M.
620 3559 763 3616 Consanus
783 3561 952 3624 Pusnaxxa,
971 3559 1007 3614 Μ.
1027 3557 1372 3613 connumeramur

171 3645 199 3698 et
217 3643 255 3697 M.
274 3644 316 3698 Jo.
339 3645 517 3701 Farscaroar
532 3647 593 3702 risa
610 3650 769 3718 temporum
781 3652 810 3704 et
828 3665 920 3704 rerum
932 3647 1073 3718 qualitate
1085 3649 1226 3701 statutum
1244 3646 1279 3701 de
1297 3647 1372 3702 elau·

166 3747 232 3785 sura
244 3730 392 3786 bursarum
404 3736 606 3803 suprataotum,
625 3734 702 3788 euius
715 3735 883 3790 initium-est
893 3735 979 3789 Bursa
991 3735 1087 3804 itaque
1101 3733 1194 3788 claudi
1206 3733 1309 3788 debent
1319 3736 1371 3788 etc.

166 3822 280 3874 matura
308 3819 510 3877 deliberatione
541 3821 722 3892 interpretati
751 3827 817 3877 sunt
851 3826 879 3878 et
910 3823 1036 3892 intelligi
1063 3823 1213 3877 voluerunt
1240 3820 1271 3875 in
1299 3822 1373 3875 hune

167 3905 298 3962 modum:

237 3995 309 4050 Item
339 3996 490 4052 statuimus
513 4001 543 4054 ct
569 3998 612 4054 ita
630 3998 737 4054 seruari
754 3999 890 4062 volumus,
916 3998 990 4067 quod
1015 4015 1033 4052 a
1050 3997 1121 4053 festo
1140 3997 1165 4052 S.
1185 3997 1301 4053 Martini
1319 3997 1372 4068 epi.

170 4097 258 4150 rsque
275 4081 312 4136 ad
331 4083 435 4138 festum
453 4083 598 4141 Kathedre
615 4085 692 4140 Petri
710 4085 764 4156 [22.
782 4085 874 4156 Febr]
891 4086 961 4140 hora
980 4085 1108 4156 septima,
1128 4086 1164 4142 ab
1183 4085 1280 4142 eodem
1298 4084 1370 4141 festo
1447 4159 1448 4164 ἵ

168 4168 312 4224 Kathedre
331 4169 419 4226 donec
436 4171 472 4226 ad
485 4171 591 4228 Vrbani
609 4175 663 4244 [25.
673 4173 743 4244 Mai]
761 4175 830 4229 hora
848 4177 957 4237 octaua,
976 4192 993 4229 a
1011 4193 1066 4244 quo
1084 4175 1155 4230 festo
1168 4174 1276 4228 Vrbani
1288 4191 1374 4243 reque

170 4257 207 4310 ad
227 4255 418 4314 Bartholomei
436 4259 490 4329 [24.
508 4261 592 4332 Aug]
610 4261 681 4317 hora
698 4279 772 4317 nona
796 4264 825 4316 et
849 4262 886 4316 ab
904 4261 963 4331 ipso
991 4263 1062 4318 festo
1079 4261 1269 4317 Bartholomei
1288 4262 1375 4318 donec

169 4342 207 4397 ad
225 4343 343 4400 Martini
361 4345 431 4402 hora
448 4350 550 4404 octaua
569 4349 662 4404 claudi
680 4349 803 4404 debeant
820 4350 914 4413 barse,
940 4367 1060 4418 quarum
1078 4349 1171 4403 claues
1189 4349 1374 4419 personaliter

168 4428 271 4485 Rector
299 4430 380 4486 barse
408 4433 453 4488 rel
479 4434 537 4489 eius
562 4434 773 4491 commissarius
799 4435 909 4490 iuratus
935 4438 963 4490 at
988 4436 1077 4491 fidelis
1103 4436 1207 4492 habere
1225 4437 1327 4493 debeat
1345 4440 1374 4492 et

165 4517 314 4573 custodire.

1122 4614 1163 4668 4*
