3462 5320
333 449 397 514 206
698 447 740 500 41.
760 443 895 500 Statuten
917 445 942 500 d.
962 445 996 500 U.
1014 462 1069 502 von
1089 447 1166 501 1537.

332 605 417 690 poris
444 623 551 666 curam
584 601 803 668 Medicina
838 603 930 689 gerit.
985 602 1039 669 Ad
1068 603 1126 669 has
1157 605 1321 670 conscendi
1348 607 1475 688 oportet
1498 604 1536 667 de

332 707 497 794 principiis
520 707 623 771 omnis
655 707 837 790 sapientiae,
872 706 933 772 hoc
955 710 1020 784 est,
1048 706 1150 771 literis
1172 709 1265 773 bonis
1287 714 1383 792 atque
1404 708 1535 782 artibus

332 809 648 898 philosophiam
681 832 744 874 vno
776 813 905 876 nomine
937 833 1102 876 vocamus:
1136 834 1199 896 qua
1227 814 1295 899 ipsa
1327 819 1440 909 quqrta
1461 834 1535 897 pro·

332 917 426 981 fessio
454 915 668 980 constituitur.
727 914 788 980 His
822 915 1004 980 conficietur
1034 914 1321 983 Vniuersitas
1351 916 1534 982 Scholae:

332 1022 431 1105 deque
462 1019 540 1106 ipsis
571 1040 729 1099 summum
761 1021 927 1085 consilium
961 1024 1100 1106 cogetur.
1145 1021 1206 1087 Sed
1237 1028 1269 1088 et
1291 1022 1426 1108 singulae
1448 1044 1535 1086 suam

219 1147 223 1154 ·
332 1124 492 1210 quandam
514 1123 827 1189 administrationem
851 1123 1031 1202 habebunt,
1060 1124 1232 1210 legantque
1254 1127 1420 1211 praesidem
1441 1126 1536 1192 studii

332 1231 391 1306 sui,
423 1251 516 1314 quem
539 1229 752 1294 Dacanum
775 1230 952 1294 nominant.
1008 1229 1089 1294 Cum
1119 1232 1225 1294 autem
1247 1232 1354 1296 omnia
1375 1254 1445 1315 quaa
1466 1231 1536 1295 diu-

332 1341 429 1400 turna
451 1357 515 1399 esse
537 1334 680 1412 debeant,
705 1335 944 1418 praescriptione
967 1334 1072 1419 legum
1102 1357 1138 1398 ac
1160 1335 1281 1400 ordinis
1303 1337 1439 1401 maxime
1461 1359 1537 1400 con·

332 1445 516 1518 seruentur,
551 1460 653 1523 neque
685 1445 792 1505 tamen
815 1441 885 1504 ficri
909 1441 1028 1524 possit,
1062 1443 1098 1504 ut
1120 1440 1261 1504 omnium
1284 1441 1536 1519 constitutiones,

332 1546 570 1629 quibuscunque
594 1545 791 1628 temporibus
815 1549 897 1630 aptae
920 1548 1193 1629 congruentesque
1215 1546 1302 1623 sint,
1325 1543 1462 1628 Ideoque
1483 1566 1537 1608 cn-

333 1651 417 1715 rabit
451 1649 679 1714 Vniversitatis
712 1649 917 1728 Senatus,
951 1653 988 1713 ut
1021 1648 1144 1734 legibus
1177 1649 1311 1734 singulis
1342 1649 1538 1732 temporibus

334 1758 447 1820 cuncta
462 1753 501 1817 ad
517 1754 739 1819 rectitudinem
755 1758 786 1818 ct
801 1754 1058 1818 conuenientiam
1074 1755 1250 1838 praesertim
1266 1759 1453 1838 temporum,
1469 1775 1537 1817 mo-

332 1881 413 1937 rum,
436 1860 715 1937 consuetudinum,
748 1859 908 1944 imprimis
930 1862 1035 1924 autem
1057 1859 1097 1924 ad
1119 1857 1296 1922 Veritatem
1320 1858 1441 1942 ipsam,
1466 1879 1536 1942 quae

334 1965 451 2028 mutari
473 1987 537 2028 nou
561 1963 651 2040 solat,
675 1964 727 2028 sed
750 1987 831 2050 saepe
854 1965 1057 2049 opprimitur,
1079 1965 1316 2028 constituantur
1338 1967 1435 2048 atque
1455 1985 1537 2048 prae·

333 2070 496 2134 finiantur.
541 2065 610 2132 Nec
630 2089 694 2131 non
710 2067 908 2152 singularum
931 2069 1173 2152 professionum,
1197 2070 1303 2154 legum
1328 2071 1537 2132 statutorum·

332 2159 394 2260 quc
417 2172 641 2259 promulgatiO,
667 2173 853 2252 renouatio,
889 2174 1053 2260 abrogatio
1076 2177 1153 2252 estc,
1177 2172 1230 2238 sed
1253 2172 1463 2267 promulgata,
1487 2194 1537 2236 re·
1564 2213 1567 2224 ·

332 2284 458 2358 nauata,
482 2279 644 2363 abrogata,
673 2278 719 2344 ita
742 2280 868 2343 demum
895 2280 987 2344 firma
1009 2284 1121 2357 sunto,
1144 2281 1172 2344 si
1194 2279 1320 2344 consilii
1342 2279 1459 2348 summi
1481 2301 1537 2342 au·

331 2384 444 2448 toritas
475 2382 531 2446 illa
565 2383 839 2466 comprobarent,
871 2384 962 2467 sique
994 2383 1270 2467 comprobatcrum
1303 2384 1447 2467 exempla
1476 2385 1537 2447 rite

332 2493 364 2554 et
386 2487 523 2551 fideliter
554 2487 587 2550 in
618 2487 814 2552 membranis
845 2489 1021 2573 perscripta
1043 2487 1253 2553 Vniuersitati
1275 2487 1476 2552 Scholastica
1503 2488 1537 2551 in

331 2591 490 2657 communi
517 2613 590 2656 arca
614 2593 814 2672 asseruanda,
837 2593 955 2656 tradita
978 2596 1010 2656 et
1033 2591 1141 2657 oblata
1162 2592 1291 2656 fuerint.

421 2695 554 2761 Decanis
586 2697 787 2780 singulorum
809 2696 1040 2780 professionum
1072 2697 1120 2760 sui
1143 2701 1238 2761 amnt
1267 2696 1496 2761 consiliari
1509 2697 1537 2776 i,

332 2821 404 2866 cum
426 2801 541 2884 quibus
565 2801 750 2865 tractabunt
775 2801 903 2885 negotia
925 2805 956 2864 ct
981 2822 1030 2865 res
1051 2823 1115 2866 susa
1136 2801 1356 2885 professionis,
1381 2807 1414 2866 et
1435 2802 1535 2867 hono·

332 2927 404 2969 rum
426 2905 582 2969 rationem
606 2909 785 2990 proponent
808 2910 904 2989 atquc
926 2907 1131 2984 constituent,
1157 2929 1234 2990 quos
1256 2907 1289 2970 in
1313 2906 1426 2991 primis
1449 2928 1539 2971 caue-

331 3011 423 3086 bunt,
447 3031 486 3073 ne
502 3009 604 3094 magis
631 3011 736 3094 gratia
752 3014 808 3074 aut
825 3011 961 3094 pecunia
984 3012 1073 3089 moti,
1097 3033 1192 3095 quam
1209 3011 1331 3075 meritis
1354 3011 1540 3076 cruditionis

332 3116 547 3198 doctrinaque
568 3119 601 3179 ct
630 3115 758 3180 virtutis
782 3116 953 3180 contulisse
976 3117 1049 3181 ullis
1072 3116 1248 3180 uideantur.

458 3289 511 3354 De
534 3289 710 3374 publico
732 3291 904 3355 aerario
928 3287 1246 3354 Vniuersitatis
1270 3313 1351 3375 cap.
1377 3294 1405 3353 2.

412 3427 583 3492 Aerarii
596 3426 823 3492 Vniuersitatis
837 3427 958 3492 Scholre
972 3427 1067 3492 huius
1083 3428 1225 3492 custodia
1235 3429 1441 3493 demandatur
1455 3451 1541 3513 quoe·

330 3532 470 3596 storibus
500 3553 555 3596 seu
577 3532 809 3616 deputatis
833 3537 986 3615 quatuor,
1024 3531 1166 3596 clauibus
1198 3533 1361 3616 quaternis
1390 3533 1538 3616 aperitur,

332 3657 467 3720 quarum
491 3637 637 3722 singulas
669 3635 789 3720 singuli
818 3635 963 3719 deputati
993 3640 1133 3701 tenente.
1179 3636 1217 3701 In
1240 3638 1301 3702 hoc
1323 3637 1476 3702 inferetur
1497 3637 1540 3701 si-

331 3741 446 3826 gillum
470 3762 638 3826 magnum,
671 3739 915 3824 priuilegiorum
950 3745 1046 3826 atque
1079 3742 1142 3805 alia
1173 3741 1362 3825 diplomata,
1398 3741 1539 3825 pecunie,

332 3849 475 3910 actorum
497 3845 583 3909 libri.
629 3845 728 3910 Cuius
744 3845 918 3910 curationis
933 3846 1133 3932 negligentia
1148 3845 1380 3928 infidelitasque
1404 3846 1542 3910 maxima

330 3971 426 4034 paena
457 3950 617 4014 sancietur
649 3951 689 4013 ad
713 3949 883 4014 arbitrium
906 3951 1027 4035 publici
1059 3951 1191 4015 consilii.
1244 3949 1385 4036 Singulae
1417 3972 1541 4035 quoquc

332 4054 541 4139 professiones
570 4076 641 4119 suos
673 4054 766 4119 fiscos
800 4059 832 4120 et
862 4057 984 4120 arculas
1008 4055 1187 4120 custodient
1217 4077 1253 4120 ac
1275 4055 1484 4120 asseruabunt
1506 4077 1542 4118 ea

331 4159 506 4246 diligentia,
529 4182 593 4243 qua
615 4161 649 4223 in
675 4159 740 4223 suis
763 4160 857 4225 rebus
880 4165 1055 4226 uterentur.

435 4333 491 4399 De
513 4335 756 4399 Doctrinae
778 4335 1056 4420 temporibus
1078 4357 1124 4402 ac
1145 4335 1293 4400 ordine
1316 4357 1382 4418 cap.
1407 4338 1436 4398 3.

417 4470 565 4558 Singulas
581 4476 792 4560 professiones
809 4475 985 4540 solennium
1007 4475 1227 4539 Conucntuum
1244 4473 1373 4558 propria
1389 4478 1541 4556 tempora,
