<?xml version="1.0" encoding="UTF-8"?>
<!DOCTYPE html PUBLIC "-//W3C//DTD XHTML 1.0 Transitional//EN"
    "http://www.w3.org/TR/xhtml1/DTD/xhtml1-transitional.dtd">
<html xmlns="http://www.w3.org/1999/xhtml" xml:lang="en" lang="en">
 <head>
  <title>
</title>
<meta http-equiv="Content-Type" content="text/html;charset=utf-8" />
  <meta name='ocr-system' content='tesseract 3.04.00' />
  <meta name='ocr-capabilities' content='ocr_page ocr_carea ocr_par ocr_line ocrx_word'/>
</head>
<body>
  <div class='ocr_page' id='page_1' title='image "./urkundenzurgesc00tbgoog_0401.png"; bbox 0 0 3504 5322; ppageno 0'>
   <div class='ocr_carea' id='block_1_1' title="bbox 286 469 1396 714">
    <p class='ocr_par' dir='ltr' id='par_1_1' title="bbox 286 469 1396 714">
     <span class='ocr_line' id='line_1_1' title="bbox 512 469 1390 566; baseline 0.001 -44"><span class='ocrx_word' id='word_1_1' title='bbox 512 559 518 566; x_wconf 29' lang='grc' dir='ltr'>Ι</span> <span class='ocrx_word' id='word_1_2' title='bbox 693 469 808 524; x_wconf 73' lang='lat' dir='ltr'>statuta</span> <span class='ocrx_word' id='word_1_3' title='bbox 827 471 903 525; x_wconf 78' lang='lat'>1536.</span> <span class='ocrx_word' id='word_1_4' title='bbox 1330 471 1390 536; x_wconf 77' lang='lat'>387</span> 
     </span>
     <span class='ocr_line' id='line_1_2' title="bbox 286 627 1396 714; baseline -0.001 -20"><span class='ocrx_word' id='word_1_5' title='bbox 286 629 399 694; x_wconf 85' lang='lat' dir='ltr'>lisdem</span> <span class='ocrx_word' id='word_1_6' title='bbox 423 629 510 694; x_wconf 91' lang='lat' dir='ltr'>horis</span> <span class='ocrx_word' id='word_1_7' title='bbox 534 627 599 694; x_wconf 93' lang='lat' dir='ltr'>VII</span> <span class='ocrx_word' id='word_1_8' title='bbox 622 628 824 713; x_wconf 81' lang='lat' dir='ltr'>Physica,</span> <span class='ocrx_word' id='word_1_9' title='bbox 848 628 930 694; x_wconf 90' lang='lat' dir='ltr'>VIII</span> <span class='ocrx_word' id='word_1_10' title='bbox 953 627 1105 694; x_wconf 84' lang='lat' dir='ltr'>Ethioa</span> <span class='ocrx_word' id='word_1_11' title='bbox 1128 628 1302 707; x_wconf 88' lang='lat' dir='ltr'>tradentur,</span> <span class='ocrx_word' id='word_1_12' title='bbox 1326 651 1396 714; x_wconf 87' lang='lat' dir='ltr'>qnae</span> 
     </span>
    </p>
   </div>
   <div class='ocr_carea' id='block_1_2' title="bbox 76 735 889 820">
    <p class='ocr_par' dir='ltr' id='par_1_2' title="bbox 76 735 889 820">
     <span class='ocr_line' id='line_1_3' title="bbox 76 735 889 820; baseline -0.001 -19"><span class='ocrx_word' id='word_1_13' title='bbox 76 737 83 752; x_wconf 81' lang='lat'><em>⁰</em></span> <span class='ocrx_word' id='word_1_14' title='bbox 196 737 320 801; x_wconf 80' lang='lat' dir='ltr'>discant</span> <span class='ocrx_word' id='word_1_15' title='bbox 342 735 520 820; x_wconf 78' lang='lat' dir='ltr'>Magister-ii</span> <span class='ocrx_word' id='word_1_16' title='bbox 543 735 697 800; x_wconf 89' lang='lat' dir='ltr'>honorum</span> <span class='ocrx_word' id='word_1_17' title='bbox 721 735 889 800; x_wconf 87' lang='lat' dir='ltr'>candidati.</span> 
     </span>
    </p>
   </div>
   <div class='ocr_carea' id='block_1_3' title="bbox 197 839 1400 2298">
    <p class='ocr_par' dir='ltr' id='par_1_3' title="bbox 283 839 1227 926">
     <span class='ocr_line' id='line_1_4' title="bbox 283 839 1227 926; baseline -0.004 -20"><span class='ocrx_word' id='word_1_18' title='bbox 283 841 370 906; x_wconf 89' lang='lat' dir='ltr'>Hora</span> <span class='ocrx_word' id='word_1_19' title='bbox 392 839 438 906; x_wconf 88' lang='lat' dir='ltr'>XI</span> <span class='ocrx_word' id='word_1_20' title='bbox 463 841 606 925; x_wconf 84' lang='lat' dir='ltr'>utrisque</span> <span class='ocrx_word' id='word_1_21' title='bbox 628 840 825 906; x_wconf 84' lang='lat' dir='ltr'>Euclidis</span> <span class='ocrx_word' id='word_1_22' title='bbox 847 841 965 926; x_wconf 86' lang='lat' dir='ltr'>scripta</span> <span class='ocrx_word' id='word_1_23' title='bbox 988 840 1227 904; x_wconf 86' lang='lat' dir='ltr'>enarrabuntur.</span> 
     </span>
    </p>

    <p class='ocr_par' dir='ltr' id='par_1_4' title="bbox 197 944 1395 1220">
     <span class='ocr_line' id='line_1_5' title="bbox 283 944 1395 1032; baseline -0.002 -23"><span class='ocrx_word' id='word_1_24' title='bbox 283 944 413 1010; x_wconf 90' lang='lat' dir='ltr'>Horal</span> <span class='ocrx_word' id='word_1_25' title='bbox 448 947 608 1031; x_wconf 78' lang='lat' dir='ltr'>lingum</span> <span class='ocrx_word' id='word_1_26' title='bbox 636 968 793 1031; x_wconf 70' lang='lat' dir='ltr'>graecae,</span> <span class='ocrx_word' id='word_1_27' title='bbox 828 944 878 1010; x_wconf 89' lang='lat' dir='ltr'>III</span> <span class='ocrx_word' id='word_1_28' title='bbox 907 946 1066 1032; x_wconf 71' lang='lat' dir='ltr'>linguae</span> <span class='ocrx_word' id='word_1_29' title='bbox 1094 944 1237 1008; x_wconf 83' lang='lat' dir='ltr'>latinae</span> <span class='ocrx_word' id='word_1_30' title='bbox 1268 944 1395 1028; x_wconf 88' lang='lat' dir='ltr'>probati</span> 
     </span>
     <span class='ocr_line' id='line_1_6' title="bbox 197 1049 1394 1136; baseline 0 -23"><span class='ocrx_word' id='word_1_31' title='bbox 197 1049 344 1114; x_wconf 77' lang='lat' dir='ltr'>authores</span> <span class='ocrx_word' id='word_1_32' title='bbox 367 1050 414 1115; x_wconf 93' lang='lat' dir='ltr'>IV</span> <span class='ocrx_word' id='word_1_33' title='bbox 436 1050 717 1136; x_wconf 81' lang='lat' dir='ltr'>Philosophia</span> <span class='ocrx_word' id='word_1_34' title='bbox 746 1051 1036 1117; x_wconf 86' lang='lat' dir='ltr'>Aristoteliea</span> <span class='ocrx_word' id='word_1_35' title='bbox 1058 1051 1167 1116; x_wconf 87' lang='lat' dir='ltr'>ordine</span> <span class='ocrx_word' id='word_1_36' title='bbox 1189 1071 1224 1114; x_wconf 88' lang='lat' dir='ltr'>ac</span> <span class='ocrx_word' id='word_1_37' title='bbox 1247 1049 1299 1114; x_wconf 87' lang='lat' dir='ltr'>uia</span> <span class='ocrx_word' id='word_1_38' title='bbox 1320 1071 1394 1114; x_wconf 88' lang='lat' dir='ltr'>oon-</span> 
     </span>
     <span class='ocr_line' id='line_1_7' title="bbox 199 1156 353 1220; baseline 0 -2"><span class='ocrx_word' id='word_1_39' title='bbox 199 1156 353 1220; x_wconf 87' lang='lat' dir='ltr'>ueniente.</span> 
     </span>
    </p>

    <p class='ocr_par' dir='ltr' id='par_1_5' title="bbox 199 1261 1397 1539">
     <span class='ocr_line' id='line_1_8' title="bbox 284 1261 1397 1348; baseline -0.002 -22"><span class='ocrx_word' id='word_1_40' title='bbox 284 1261 392 1344; x_wconf 81' lang='lat' dir='ltr'>Atque</span> <span class='ocrx_word' id='word_1_41' title='bbox 414 1261 542 1346; x_wconf 87' lang='lat' dir='ltr'>insuper</span> <span class='ocrx_word' id='word_1_42' title='bbox 565 1283 724 1328; x_wconf 83' lang='lat' dir='ltr'>sacrarum</span> <span class='ocrx_word' id='word_1_43' title='bbox 747 1262 910 1328; x_wconf 89' lang='lat' dir='ltr'>literarum</span> <span class='ocrx_word' id='word_1_44' title='bbox 933 1262 1209 1348; x_wconf 70' lang='lat' dir='ltr'>interpretationes</span> <span class='ocrx_word' id='word_1_45' title='bbox 1232 1265 1268 1325; x_wconf 89' lang='lat' dir='ltr'>ut</span> <span class='ocrx_word' id='word_1_46' title='bbox 1290 1261 1397 1325; x_wconf 86' lang='lat' dir='ltr'>sedulo</span> 
     </span>
     <span class='ocr_line' id='line_1_9' title="bbox 199 1366 1396 1452; baseline 0.001 -24"><span class='ocrx_word' id='word_1_47' title='bbox 199 1371 230 1429; x_wconf 88' lang='grc'>01</span> <span class='ocrx_word' id='word_1_48' title='bbox 253 1366 422 1452; x_wconf 84' lang='lat' dir='ltr'>diligenter</span> <span class='ocrx_word' id='word_1_49' title='bbox 444 1367 574 1432; x_wconf 87' lang='lat' dir='ltr'>audiant</span> <span class='ocrx_word' id='word_1_50' title='bbox 596 1390 704 1432; x_wconf 85' lang='lat' dir='ltr'>omnes</span> <span class='ocrx_word' id='word_1_51' title='bbox 730 1368 885 1434; x_wconf 83' lang='lat' dir='ltr'>bonarum</span> <span class='ocrx_word' id='word_1_52' title='bbox 916 1370 1034 1434; x_wconf 84' lang='lat' dir='ltr'>artium</span> <span class='ocrx_word' id='word_1_53' title='bbox 1057 1367 1200 1445; x_wconf 82' lang='lat' dir='ltr'>studiosi,</span> <span class='ocrx_word' id='word_1_54' title='bbox 1224 1366 1396 1452; x_wconf 83' lang='lat' dir='ltr'>Magistro-</span> 
     </span>
     <span class='ocr_line' id='line_1_10' title="bbox 200 1475 673 1539; baseline 0.004 -4"><span class='ocrx_word' id='word_1_55' title='bbox 200 1494 270 1536; x_wconf 92' lang='lat' dir='ltr'>rum</span> <span class='ocrx_word' id='word_1_56' title='bbox 294 1494 368 1537; x_wconf 87' lang='lat' dir='ltr'>cura</span> <span class='ocrx_word' id='word_1_57' title='bbox 390 1476 422 1536; x_wconf 92' lang='lat' dir='ltr'>et</span> <span class='ocrx_word' id='word_1_58' title='bbox 444 1475 579 1539; x_wconf 83' lang='lat' dir='ltr'>attentio</span> <span class='ocrx_word' id='word_1_59' title='bbox 604 1475 673 1538; x_wconf 88' lang='lat' dir='ltr'>erit.</span> 
     </span>
    </p>

    <p class='ocr_par' dir='ltr' id='par_1_6' title="bbox 201 1576 1395 1770">
     <span class='ocr_line' id='line_1_11' title="bbox 287 1576 1395 1662; baseline 0.002 -22"><span class='ocrx_word' id='word_1_60' title='bbox 287 1576 375 1641; x_wconf 89' lang='lat' dir='ltr'>Hora</span> <span class='ocrx_word' id='word_1_61' title='bbox 390 1576 453 1643; x_wconf 85' lang='lat' dir='ltr'>XII</span> <span class='ocrx_word' id='word_1_62' title='bbox 477 1579 538 1643; x_wconf 91' lang='lat' dir='ltr'>erit</span> <span class='ocrx_word' id='word_1_63' title='bbox 560 1579 851 1645; x_wconf 88' lang='lat' dir='ltr'>hebraicarum</span> <span class='ocrx_word' id='word_1_64' title='bbox 872 1579 1114 1656; x_wconf 88' lang='lat' dir='ltr'>literarum,</span> <span class='ocrx_word' id='word_1_65' title='bbox 1138 1579 1177 1644; x_wconf 88' lang='lat' dir='ltr'>ad</span> <span class='ocrx_word' id='word_1_66' title='bbox 1200 1600 1294 1662; x_wconf 87' lang='lat' dir='ltr'>quam</span> <span class='ocrx_word' id='word_1_67' title='bbox 1317 1599 1395 1662; x_wconf 89' lang='lat' dir='ltr'>quos</span> 
     </span>
     <span class='ocr_line' id='line_1_12' title="bbox 201 1682 938 1770; baseline 0.004 -25"><span class='ocrx_word' id='word_1_68' title='bbox 201 1682 244 1745; x_wconf 88' lang='lat' dir='ltr'>ire</span> <span class='ocrx_word' id='word_1_69' title='bbox 267 1685 413 1766; x_wconf 84' lang='lat' dir='ltr'>oporteat</span> <span class='ocrx_word' id='word_1_70' title='bbox 436 1682 663 1770; x_wconf 80' lang='lat' dir='ltr'>Magistrorunr</span> <span class='ocrx_word' id='word_1_71' title='bbox 689 1686 839 1750; x_wconf 90' lang='lat' dir='ltr'>iudicium</span> <span class='ocrx_word' id='word_1_72' title='bbox 863 1689 938 1750; x_wconf 89' lang='lat' dir='ltr'>esto.</span> 
     </span>
    </p>

    <p class='ocr_par' dir='ltr' id='par_1_7' title="bbox 200 1787 1400 2298">
     <span class='ocr_line' id='line_1_13' title="bbox 287 1787 1398 1875; baseline 0.002 -25"><span class='ocrx_word' id='word_1_73' title='bbox 287 1787 392 1870; x_wconf 82' lang='lat' dir='ltr'>Atque</span> <span class='ocrx_word' id='word_1_74' title='bbox 415 1788 526 1854; x_wconf 86' lang='lat' dir='ltr'>harum</span> <span class='ocrx_word' id='word_1_75' title='bbox 549 1811 715 1874; x_wconf 88' lang='lat' dir='ltr'>operarum</span> <span class='ocrx_word' id='word_1_76' title='bbox 739 1791 878 1875; x_wconf 90' lang='lat' dir='ltr'>precium</span> <span class='ocrx_word' id='word_1_77' title='bbox 902 1791 1098 1874; x_wconf 86' lang='lat' dir='ltr'>persoluetur</span> <span class='ocrx_word' id='word_1_78' title='bbox 1121 1791 1160 1854; x_wconf 90' lang='lat' dir='ltr'>ab</span> <span class='ocrx_word' id='word_1_79' title='bbox 1183 1788 1398 1854; x_wconf 86' lang='lat' dir='ltr'>Vniuersitate</span> 
     </span>
     <span class='ocr_line' id='line_1_14' title="bbox 200 1891 1397 1982; baseline 0 -26"><span class='ocrx_word' id='word_1_80' title='bbox 200 1891 313 1957; x_wconf 71' lang='lat' dir='ltr'>scholar</span> <span class='ocrx_word' id='word_1_81' title='bbox 335 1892 438 1972; x_wconf 91' lang='lat' dir='ltr'>huius,</span> <span class='ocrx_word' id='word_1_82' title='bbox 462 1898 499 1959; x_wconf 92' lang='lat' dir='ltr'>ut</span> <span class='ocrx_word' id='word_1_83' title='bbox 519 1918 538 1959; x_wconf 89' lang='lat' dir='ltr'>a</span> <span class='ocrx_word' id='word_1_84' title='bbox 560 1895 723 1981; x_wconf 83' lang='lat' dir='ltr'>discipulis</span> <span class='ocrx_word' id='word_1_85' title='bbox 739 1896 908 1980; x_wconf 88' lang='lat' dir='ltr'>quicquam</span> <span class='ocrx_word' id='word_1_86' title='bbox 924 1896 1009 1982; x_wconf 80' lang='lat' dir='ltr'>exigi</span> <span class='ocrx_word' id='word_1_87' title='bbox 1025 1917 1089 1960; x_wconf 91' lang='lat' dir='ltr'>non</span> <span class='ocrx_word' id='word_1_88' title='bbox 1105 1896 1223 1960; x_wconf 87' lang='lat' dir='ltr'>debeat.</span> <span class='ocrx_word' id='word_1_89' title='bbox 1271 1891 1305 1958; x_wconf 81' lang='lat' dir='ltr'>si</span> <span class='ocrx_word' id='word_1_90' title='bbox 1327 1894 1397 1976; x_wconf 89' lang='lat' dir='ltr'>quis</span> 
     </span>
     <span class='ocr_line' id='line_1_15' title="bbox 202 1999 1400 2086; baseline 0.003 -27"><span class='ocrx_word' id='word_1_91' title='bbox 202 2001 307 2061; x_wconf 88' lang='lat' dir='ltr'>tamen</span> <span class='ocrx_word' id='word_1_92' title='bbox 339 2000 623 2065; x_wconf 84' lang='lat' dir='ltr'>extraordinarium</span> <span class='ocrx_word' id='word_1_93' title='bbox 656 2005 687 2066; x_wconf 89' lang='lat' dir='ltr'>et</span> <span class='ocrx_word' id='word_1_94' title='bbox 718 2003 878 2086; x_wconf 88' lang='lat' dir='ltr'>priuatum</span> <span class='ocrx_word' id='word_1_95' title='bbox 910 2002 1048 2066; x_wconf 88' lang='lat' dir='ltr'>laborem</span> <span class='ocrx_word' id='word_1_96' title='bbox 1078 2000 1207 2066; x_wconf 91' lang='lat' dir='ltr'>docendi</span> <span class='ocrx_word' id='word_1_97' title='bbox 1230 1999 1400 2083; x_wconf 85' lang='lat' dir='ltr'>sumpserit</span> 
     </span>
     <span class='ocr_line' id='line_1_16' title="bbox 200 2103 1400 2190; baseline 0.002 -25"><span class='ocrx_word' id='word_1_98' title='bbox 200 2104 299 2186; x_wconf 90' lang='lat' dir='ltr'>(quod</span> <span class='ocrx_word' id='word_1_99' title='bbox 323 2103 379 2168; x_wconf 87' lang='lat' dir='ltr'>fiat</span> <span class='ocrx_word' id='word_1_100' title='bbox 410 2105 527 2188; x_wconf 86' lang='lat' dir='ltr'>absque</span> <span class='ocrx_word' id='word_1_101' title='bbox 556 2105 652 2170; x_wconf 91' lang='lat' dir='ltr'>ullius</span> <span class='ocrx_word' id='word_1_102' title='bbox 676 2107 866 2171; x_wconf 88' lang='lat' dir='ltr'>detrimento</span> <span class='ocrx_word' id='word_1_103' title='bbox 899 2107 993 2172; x_wconf 86' lang='lat' dir='ltr'>etiam</span> <span class='ocrx_word' id='word_1_104' title='bbox 1023 2107 1140 2190; x_wconf 87' lang='lat' dir='ltr'>absque</span> <span class='ocrx_word' id='word_1_105' title='bbox 1162 2105 1400 2190; x_wconf 82' lang='lat' dir='ltr'>perturbatione</span> 
     </span>
     <span class='ocr_line' id='line_1_17' title="bbox 202 2208 1319 2298; baseline 0.001 -27"><span class='ocrx_word' id='word_1_106' title='bbox 202 2208 320 2273; x_wconf 89' lang='lat' dir='ltr'>ordinis</span> <span class='ocrx_word' id='word_1_107' title='bbox 344 2209 477 2294; x_wconf 85' lang='lat' dir='ltr'>publicae</span> <span class='ocrx_word' id='word_1_108' title='bbox 500 2211 663 2296; x_wconf 81' lang='lat' dir='ltr'>doctrinae)</span> <span class='ocrx_word' id='word_1_109' title='bbox 687 2213 860 2276; x_wconf 87' lang='lat' dir='ltr'>mercedem</span> <span class='ocrx_word' id='word_1_110' title='bbox 883 2213 931 2276; x_wconf 92' lang='lat' dir='ltr'>illi</span> <span class='ocrx_word' id='word_1_111' title='bbox 955 2211 1048 2298; x_wconf 90' lang='lat' dir='ltr'>pendi</span> <span class='ocrx_word' id='word_1_112' title='bbox 1072 2210 1193 2276; x_wconf 87' lang='lat' dir='ltr'>uetahit</span> <span class='ocrx_word' id='word_1_113' title='bbox 1217 2230 1319 2273; x_wconf 87' lang='lat' dir='ltr'>nemo.</span> 
     </span>
    </p>
   </div>
   <div class='ocr_carea' id='block_1_4' title="bbox 523 2385 1080 2472">
    <p class='ocr_par' dir='ltr' id='par_1_8' title="bbox 523 2385 1080 2472">
     <span class='ocr_line' id='line_1_18' title="bbox 523 2385 1080 2472; baseline -0.002 -22"><span class='ocrx_word' id='word_1_114' title='bbox 523 2385 580 2450; x_wconf 89' lang='lat' dir='ltr'>De</span> <span class='ocrx_word' id='word_1_115' title='bbox 603 2385 868 2472; x_wconf 81' lang='lat' dir='ltr'>Paedagogio</span> <span class='ocrx_word' id='word_1_116' title='bbox 892 2385 965 2471; x_wconf 84' lang='lat' dir='ltr'>Cap.</span> <span class='ocrx_word' id='word_1_117' title='bbox 989 2386 1080 2451; x_wconf 90' lang='lat' dir='ltr'>VIII.</span> 
     </span>
    </p>
   </div>
   <div class='ocr_carea' id='block_1_5' title="bbox 203 2521 1405 4295">
    <p class='ocr_par' dir='ltr' id='par_1_9' title="bbox 203 2521 1404 3240">
     <span class='ocr_line' id='line_1_19' title="bbox 292 2521 1401 2610; baseline 0.002 -24"><span class='ocrx_word' id='word_1_118' title='bbox 292 2523 330 2587; x_wconf 90' lang='lat' dir='ltr'>ln</span> <span class='ocrx_word' id='word_1_119' title='bbox 354 2521 542 2610; x_wconf 84' lang='lat' dir='ltr'>Paedagogio</span> <span class='ocrx_word' id='word_1_120' title='bbox 566 2523 697 2607; x_wconf 88' lang='lat' dir='ltr'>puerilis</span> <span class='ocrx_word' id='word_1_121' title='bbox 721 2524 863 2588; x_wconf 87' lang='lat' dir='ltr'>doctrina</span> <span class='ocrx_word' id='word_1_122' title='bbox 885 2524 1087 2589; x_wconf 87' lang='lat' dir='ltr'>exercebitur.</span> <span class='ocrx_word' id='word_1_123' title='bbox 1134 2523 1401 2609; x_wconf 81' lang='lat' dir='ltr'>Paedagogar-</span> 
     </span>
     <span class='ocr_line' id='line_1_20' title="bbox 206 2626 1401 2713; baseline 0.002 -21"><span class='ocrx_word' id='word_1_124' title='bbox 206 2626 286 2692; x_wconf 78' lang='lat' dir='ltr'>chae</span> <span class='ocrx_word' id='word_1_125' title='bbox 310 2627 594 2692; x_wconf 85' lang='lat' dir='ltr'>administrationis</span> <span class='ocrx_word' id='word_1_126' title='bbox 616 2651 691 2694; x_wconf 81' lang='lat' dir='ltr'>cum</span> <span class='ocrx_word' id='word_1_127' title='bbox 714 2633 790 2694; x_wconf 87' lang='lat' dir='ltr'>esto.</span> <span class='ocrx_word' id='word_1_128' title='bbox 838 2627 916 2693; x_wconf 82' lang='lat' dir='ltr'>Cum</span> <span class='ocrx_word' id='word_1_129' title='bbox 940 2630 1025 2694; x_wconf 92' lang='lat' dir='ltr'>uolet</span> <span class='ocrx_word' id='word_1_130' title='bbox 1041 2629 1189 2713; x_wconf 89' lang='lat' dir='ltr'>quicquid</span> <span class='ocrx_word' id='word_1_131' title='bbox 1212 2631 1401 2694; x_wconf 85' lang='lat' dir='ltr'>conueniens</span> 
     </span>
     <span class='ocr_line' id='line_1_21' title="bbox 207 2733 1401 2819; baseline -0.001 -22"><span class='ocrx_word' id='word_1_132' title='bbox 207 2733 354 2798; x_wconf 85' lang='lat' dir='ltr'>iudicarit</span> <span class='ocrx_word' id='word_1_133' title='bbox 386 2734 490 2817; x_wconf 87' lang='lat' dir='ltr'>pueris</span> <span class='ocrx_word' id='word_1_134' title='bbox 514 2736 577 2798; x_wconf 85' lang='lat' dir='ltr'>illis</span> <span class='ocrx_word' id='word_1_135' title='bbox 600 2736 665 2799; x_wconf 87' lang='lat' dir='ltr'>suis</span> <span class='ocrx_word' id='word_1_136' title='bbox 688 2739 852 2812; x_wconf 87' lang='lat' dir='ltr'>enarrat0,</span> <span class='ocrx_word' id='word_1_137' title='bbox 885 2735 1081 2819; x_wconf 84' lang='lat' dir='ltr'>praescribito</span> <span class='ocrx_word' id='word_1_138' title='bbox 1103 2735 1229 2798; x_wconf 90' lang='lat' dir='ltr'>modum</span> <span class='ocrx_word' id='word_1_139' title='bbox 1254 2734 1401 2812; x_wconf 89' lang='lat' dir='ltr'>discendi,</span> 
     </span>
     <span class='ocr_line' id='line_1_22' title="bbox 207 2839 1401 2926; baseline 0.001 -24"><span class='ocrx_word' id='word_1_140' title='bbox 207 2840 241 2902; x_wconf 90' lang='lat' dir='ltr'>in</span> <span class='ocrx_word' id='word_1_141' title='bbox 264 2840 377 2904; x_wconf 81' lang='lat' dir='ltr'>classes</span> <span class='ocrx_word' id='word_1_142' title='bbox 400 2840 577 2904; x_wconf 88' lang='lat' dir='ltr'>discernito.</span> <span class='ocrx_word' id='word_1_143' title='bbox 623 2839 811 2926; x_wconf 80' lang='lat' dir='ltr'>Cognoscito</span> <span class='ocrx_word' id='word_1_144' title='bbox 828 2841 1072 2926; x_wconf 82' lang='lat' dir='ltr'>progressiones,</span> <span class='ocrx_word' id='word_1_145' title='bbox 1096 2840 1291 2926; x_wconf 77' lang='lat' dir='ltr'>prcescribito</span> <span class='ocrx_word' id='word_1_146' title='bbox 1314 2861 1401 2904; x_wconf 84' lang='lat' dir='ltr'>crer-</span> 
     </span>
     <span class='ocr_line' id='line_1_23' title="bbox 203 2943 1404 3032; baseline 0 -23"><span class='ocrx_word' id='word_1_147' title='bbox 203 2945 351 3009; x_wconf 88' lang='lat' dir='ltr'>oitiorum</span> <span class='ocrx_word' id='word_1_148' title='bbox 374 2946 512 3022; x_wconf 90' lang='lat' dir='ltr'>modum,</span> <span class='ocrx_word' id='word_1_149' title='bbox 538 2946 611 3010; x_wconf 88' lang='lat' dir='ltr'>dato</span> <span class='ocrx_word' id='word_1_150' title='bbox 628 2947 775 3011; x_wconf 88' lang='lat' dir='ltr'>materias</span> <span class='ocrx_word' id='word_1_151' title='bbox 799 2947 1038 3032; x_wconf 85' lang='lat' dir='ltr'>scripturarum,</span> <span class='ocrx_word' id='word_1_152' title='bbox 1062 2947 1114 3010; x_wconf 86' lang='lat' dir='ltr'>sed</span> <span class='ocrx_word' id='word_1_153' title='bbox 1131 2945 1280 3030; x_wconf 79' lang='lat' dir='ltr'>Magistri</span> <span class='ocrx_word' id='word_1_154' title='bbox 1295 2943 1404 3009; x_wconf 84' lang='lat' dir='ltr'>Paeda-</span> 
     </span>
     <span class='ocr_line' id='line_1_24' title="bbox 203 3050 1402 3136; baseline 0 -22"><span class='ocrx_word' id='word_1_155' title='bbox 203 3050 370 3136; x_wconf 83' lang='lat' dir='ltr'>gogarchae</span> <span class='ocrx_word' id='word_1_156' title='bbox 401 3055 529 3115; x_wconf 80' lang='lat' dir='ltr'>assunto</span> <span class='ocrx_word' id='word_1_157' title='bbox 562 3055 594 3114; x_wconf 90' lang='lat' dir='ltr'>et</span> <span class='ocrx_word' id='word_1_158' title='bbox 615 3051 848 3136; x_wconf 88' lang='lat' dir='ltr'>obsequuntor,</span> <span class='ocrx_word' id='word_1_159' title='bbox 881 3056 979 3116; x_wconf 86' lang='lat' dir='ltr'>statas</span> <span class='ocrx_word' id='word_1_160' title='bbox 1002 3055 1106 3116; x_wconf 87' lang='lat' dir='ltr'>autem</span> <span class='ocrx_word' id='word_1_161' title='bbox 1132 3051 1225 3116; x_wconf 86' lang='lat' dir='ltr'>hores</span> <span class='ocrx_word' id='word_1_162' title='bbox 1252 3050 1402 3128; x_wconf 89' lang='lat' dir='ltr'>habento,</span> 
     </span>
     <span class='ocr_line' id='line_1_25' title="bbox 205 3156 625 3240; baseline 0.005 -21"><span class='ocrx_word' id='word_1_163' title='bbox 205 3156 319 3240; x_wconf 89' lang='lat' dir='ltr'>quibus</span> <span class='ocrx_word' id='word_1_164' title='bbox 340 3178 452 3240; x_wconf 90' lang='lat' dir='ltr'>pueros</span> <span class='ocrx_word' id='word_1_165' title='bbox 474 3157 625 3222; x_wconf 85' lang='lat' dir='ltr'>doceant:</span> 
     </span>
    </p>

    <p class='ocr_par' dir='ltr' id='par_1_10' title="bbox 292 3260 1291 3348">
     <span class='ocr_line' id='line_1_26' title="bbox 292 3260 1291 3348; baseline -0.001 -23"><span class='ocrx_word' id='word_1_166' title='bbox 292 3261 380 3326; x_wconf 88' lang='lat' dir='ltr'>Hora</span> <span class='ocrx_word' id='word_1_167' title='bbox 402 3260 466 3326; x_wconf 92' lang='lat' dir='ltr'>XII</span> <span class='ocrx_word' id='word_1_168' title='bbox 489 3261 777 3327; x_wconf 82' lang='lat' dir='ltr'>Grammaticus</span> <span class='ocrx_word' id='word_1_169' title='bbox 800 3263 954 3328; x_wconf 67' lang='lat' dir='ltr'>latinae</span> <span class='ocrx_word' id='word_1_170' title='bbox 978 3267 1133 3348; x_wconf 85' lang='lat' dir='ltr'>praecepta</span> <span class='ocrx_word' id='word_1_171' title='bbox 1156 3262 1291 3327; x_wconf 89' lang='lat' dir='ltr'>tradent.</span> 
     </span>
    </p>

    <p class='ocr_par' dir='ltr' id='par_1_11' title="bbox 204 3365 1402 3559">
     <span class='ocr_line' id='line_1_27' title="bbox 291 3365 1402 3432; baseline 0 0"><span class='ocrx_word' id='word_1_172' title='bbox 291 3365 373 3432; x_wconf 91' lang='lat' dir='ltr'>VIII</span> <span class='ocrx_word' id='word_1_173' title='bbox 403 3390 456 3432; x_wconf 88' lang='lat' dir='ltr'>seu</span> <span class='ocrx_word' id='word_1_174' title='bbox 487 3365 532 3431; x_wconf 89' lang='lat' dir='ltr'>IX</span> <span class='ocrx_word' id='word_1_175' title='bbox 563 3368 595 3430; x_wconf 90' lang='lat' dir='ltr'>in</span> <span class='ocrx_word' id='word_1_176' title='bbox 626 3368 822 3432; x_wconf 87' lang='lat' dir='ltr'>formulis</span> <span class='ocrx_word' id='word_1_177' title='bbox 855 3368 946 3432; x_wconf 88' lang='lat' dir='ltr'>latini</span> <span class='ocrx_word' id='word_1_178' title='bbox 976 3368 1129 3432; x_wconf 87' lang='lat' dir='ltr'>sermonis</span> <span class='ocrx_word' id='word_1_179' title='bbox 1159 3367 1348 3431; x_wconf 80' lang='lat' dir='ltr'>exercebunt</span> <span class='ocrx_word' id='word_1_180' title='bbox 1370 3371 1402 3432; x_wconf 90' lang='lat' dir='ltr'>et</span> 
     </span>
     <span class='ocr_line' id='line_1_28' title="bbox 204 3472 1233 3559; baseline -0.001 -23"><span class='ocrx_word' id='word_1_181' title='bbox 204 3473 353 3536; x_wconf 87' lang='lat' dir='ltr'>inducent</span> <span class='ocrx_word' id='word_1_182' title='bbox 375 3474 420 3536; x_wconf 87' lang='lat' dir='ltr'>ad</span> <span class='ocrx_word' id='word_1_183' title='bbox 443 3473 705 3559; x_wconf 88' lang='lat' dir='ltr'>scriptiones</span> <span class='ocrx_word' id='word_1_184' title='bbox 728 3474 765 3538; x_wconf 88' lang='lat' dir='ltr'>de</span> <span class='ocrx_word' id='word_1_185' title='bbox 787 3474 945 3538; x_wconf 87' lang='lat' dir='ltr'>sententia</span> <span class='ocrx_word' id='word_1_186' title='bbox 967 3472 1233 3557; x_wconf 44' lang='lat' dir='ltr'>Paetlugogarclrae.</span> 
     </span>
    </p>

    <p class='ocr_par' dir='ltr' id='par_1_12' title="bbox 209 3577 1401 3750">
     <span class='ocr_line' id='line_1_29' title="bbox 292 3577 1401 3662; baseline 0.002 -22"><span class='ocrx_word' id='word_1_187' title='bbox 292 3577 380 3641; x_wconf 92' lang='lat' dir='ltr'>Hora</span> <span class='ocrx_word' id='word_1_188' title='bbox 402 3577 448 3642; x_wconf 88' lang='lat' dir='ltr'>XI</span> <span class='ocrx_word' id='word_1_189' title='bbox 471 3578 628 3662; x_wconf 85' lang='lat' dir='ltr'>Epistulas</span> <span class='ocrx_word' id='word_1_190' title='bbox 660 3583 715 3644; x_wconf 85' lang='lat' dir='ltr'>aut</span> <span class='ocrx_word' id='word_1_191' title='bbox 738 3578 851 3644; x_wconf 83' lang='lat' dir='ltr'>Officia</span> <span class='ocrx_word' id='word_1_192' title='bbox 880 3585 934 3644; x_wconf 85' lang='lat' dir='ltr'>ant</span> <span class='ocrx_word' id='word_1_193' title='bbox 966 3578 1101 3642; x_wconf 89' lang='lat' dir='ltr'>similem</span> <span class='ocrx_word' id='word_1_194' title='bbox 1124 3579 1268 3643; x_wconf 90' lang='lat' dir='ltr'>libellum</span> <span class='ocrx_word' id='word_1_195' title='bbox 1292 3577 1401 3643; x_wconf 81' lang='lat' dir='ltr'>Cice-</span> 
     </span>
     <span class='ocr_line' id='line_1_30' title="bbox 209 3684 631 3750; baseline 0.009 -5"><span class='ocrx_word' id='word_1_196' title='bbox 209 3684 327 3746; x_wconf 88' lang='lat' dir='ltr'>ronis</span> <span class='ocrx_word' id='word_1_197' title='bbox 349 3685 574 3750; x_wconf 85' lang='lat' dir='ltr'>ennarruhunt.</span> <span class='ocrx_word' id='word_1_198' title='bbox 615 3715 631 3738; x_wconf 62' lang='grc' dir='ltr'><strong>ο</strong></span> 
     </span>
    </p>

    <p class='ocr_par' dir='ltr' id='par_1_13' title="bbox 295 3786 734 3855">
     <span class='ocr_line' id='line_1_31' title="bbox 295 3786 734 3855; baseline 0.005 -3"><span class='ocrx_word' id='word_1_199' title='bbox 295 3787 382 3852; x_wconf 86' lang='grc' dir='ltr'>Ηο11</span> <span class='ocrx_word' id='word_1_200' title='bbox 406 3786 455 3852; x_wconf 93' lang='lat' dir='ltr'>III</span> <span class='ocrx_word' id='word_1_201' title='bbox 479 3789 734 3855; x_wconf 85' lang='lat' dir='ltr'>Terentium.</span> 
     </span>
    </p>

    <p class='ocr_par' dir='ltr' id='par_1_14' title="bbox 206 3891 1405 4295">
     <span class='ocr_line' id='line_1_32' title="bbox 295 3891 1403 3980; baseline -0.002 -23"><span class='ocrx_word' id='word_1_202' title='bbox 295 3893 367 3959; x_wconf 91' lang='lat' dir='ltr'>Non</span> <span class='ocrx_word' id='word_1_203' title='bbox 401 3900 504 3959; x_wconf 88' lang='lat' dir='ltr'>autem</span> <span class='ocrx_word' id='word_1_204' title='bbox 537 3895 605 3960; x_wconf 89' lang='lat' dir='ltr'>fieri</span> <span class='ocrx_word' id='word_1_205' title='bbox 639 3901 745 3980; x_wconf 89' lang='lat' dir='ltr'>potest</span> <span class='ocrx_word' id='word_1_206' title='bbox 774 3917 874 3979; x_wconf 89' lang='lat' dir='ltr'>neque</span> <span class='ocrx_word' id='word_1_207' title='bbox 896 3894 1074 3960; x_wconf 86' lang='lat' dir='ltr'>faciendum</span> <span class='ocrx_word' id='word_1_208' title='bbox 1097 3896 1163 3970; x_wconf 88' lang='lat' dir='ltr'>est,</span> <span class='ocrx_word' id='word_1_209' title='bbox 1195 3897 1230 3956; x_wconf 92' lang='lat' dir='ltr'>ut</span> <span class='ocrx_word' id='word_1_210' title='bbox 1254 3893 1343 3976; x_wconf 81' lang='lat' dir='ltr'>quasi</span> <span class='ocrx_word' id='word_1_211' title='bbox 1366 3891 1403 3956; x_wconf 92' lang='lat' dir='ltr'>ad</span> 
     </span>
     <span class='ocr_line' id='line_1_33' title="bbox 207 3997 1405 4084; baseline -0.002 -22"><span class='ocrx_word' id='word_1_212' title='bbox 207 4021 351 4062; x_wconf 86' lang='lat' dir='ltr'>normam</span> <span class='ocrx_word' id='word_1_213' title='bbox 386 3998 452 4064; x_wconf 87' lang='lat' dir='ltr'>haee</span> <span class='ocrx_word' id='word_1_214' title='bbox 483 3999 626 4064; x_wconf 85' lang='lat' dir='ltr'>doctrina</span> <span class='ocrx_word' id='word_1_215' title='bbox 656 4001 837 4084; x_wconf 82' lang='lat' dir='ltr'>adaequetur</span> <span class='ocrx_word' id='word_1_216' title='bbox 871 4005 902 4065; x_wconf 91' lang='grc'>01</span> <span class='ocrx_word' id='word_1_217' title='bbox 940 4002 1143 4084; x_wconf 83' lang='lat' dir='ltr'>praefiniatur.</span> <span class='ocrx_word' id='word_1_218' title='bbox 1203 3997 1405 4081; x_wconf 80' lang='lat' dir='ltr'>Relinquitur</span> 
     </span>
     <span class='ocr_line' id='line_1_34' title="bbox 207 4103 1405 4190; baseline -0.002 -22"><span class='ocrx_word' id='word_1_219' title='bbox 207 4105 306 4189; x_wconf 81' lang='lat' dir='ltr'>igitur</span> <span class='ocrx_word' id='word_1_220' title='bbox 328 4105 443 4168; x_wconf 89' lang='lat' dir='ltr'>iudicio</span> <span class='ocrx_word' id='word_1_221' title='bbox 468 4103 599 4190; x_wconf 86' lang='lat' dir='ltr'>Collegii</span> <span class='ocrx_word' id='word_1_222' title='bbox 634 4108 751 4171; x_wconf 87' lang='lat' dir='ltr'>artium</span> <span class='ocrx_word' id='word_1_223' title='bbox 774 4111 842 4172; x_wconf 85' lang='lat' dir='ltr'>tota</span> <span class='ocrx_word' id='word_1_224' title='bbox 871 4107 953 4172; x_wconf 90' lang='lat' dir='ltr'>ratio</span> <span class='ocrx_word' id='word_1_225' title='bbox 977 4110 1009 4170; x_wconf 90' lang='lat' dir='ltr'>et</span> <span class='ocrx_word' id='word_1_226' title='bbox 1031 4128 1105 4169; x_wconf 89' lang='lat' dir='ltr'>cura</span> <span class='ocrx_word' id='word_1_227' title='bbox 1129 4125 1185 4188; x_wconf 89' lang='lat' dir='ltr'>pro</span> <span class='ocrx_word' id='word_1_228' title='bbox 1209 4125 1242 4167; x_wconf 88' lang='lat' dir='ltr'>re</span> <span class='ocrx_word' id='word_1_229' title='bbox 1265 4109 1405 4186; x_wconf 87' lang='lat' dir='ltr'>ternpore</span> 
     </span>
     <span class='ocr_line' id='line_1_35' title="bbox 206 4209 1404 4295; baseline -0.002 -22"><span class='ocrx_word' id='word_1_230' title='bbox 206 4215 300 4292; x_wconf 91' lang='lat' dir='ltr'>captu</span> <span class='ocrx_word' id='word_1_231' title='bbox 322 4210 412 4293; x_wconf 90' lang='lat' dir='ltr'>copia</span> <span class='ocrx_word' id='word_1_232' title='bbox 434 4211 667 4295; x_wconf 89' lang='lat' dir='ltr'>discipulorum,</span> <span class='ocrx_word' id='word_1_233' title='bbox 692 4214 745 4278; x_wconf 89' lang='lat' dir='ltr'>sed</span> <span class='ocrx_word' id='word_1_234' title='bbox 769 4212 829 4277; x_wconf 93' lang='lat' dir='ltr'>hoc</span> <span class='ocrx_word' id='word_1_235' title='bbox 852 4213 938 4276; x_wconf 90' lang='lat' dir='ltr'>illius</span> <span class='ocrx_word' id='word_1_236' title='bbox 961 4217 1068 4276; x_wconf 87' lang='lat' dir='ltr'>tamen</span> <span class='ocrx_word' id='word_1_237' title='bbox 1086 4209 1174 4295; x_wconf 86' lang='lat' dir='ltr'>quasi</span> <span class='ocrx_word' id='word_1_238' title='bbox 1197 4210 1251 4274; x_wconf 92' lang='lat' dir='ltr'>filo</span> <span class='ocrx_word' id='word_1_239' title='bbox 1268 4213 1404 4294; x_wconf 84' lang='lat' dir='ltr'>regetur.</span> 
     </span>
    </p>
   </div>
   <div class='ocr_carea' id='block_1_6' title="bbox 618 4385 998 4470">
    <p class='ocr_par' dir='ltr' id='par_1_15' title="bbox 618 4385 998 4470">
     <span class='ocr_line' id='line_1_36' title="bbox 618 4385 998 4470; baseline -0.003 -20"><span class='ocrx_word' id='word_1_240' title='bbox 618 4385 673 4452; x_wconf 90' lang='lat' dir='ltr'>De</span> <span class='ocrx_word' id='word_1_241' title='bbox 695 4387 821 4452; x_wconf 88' lang='lat' dir='ltr'>feriis</span> <span class='ocrx_word' id='word_1_242' title='bbox 845 4387 919 4470; x_wconf 83' lang='lat' dir='ltr'>Cap.</span> <span class='ocrx_word' id='word_1_243' title='bbox 944 4385 998 4450; x_wconf 90' lang='lat' dir='ltr'>IX.</span> 
     </span>
    </p>
   </div>
   <div class='ocr_carea' id='block_1_7' title="bbox 294 4525 1393 4685">
    <p class='ocr_par' dir='ltr' id='par_1_16' title="bbox 294 4525 1393 4685">
     <span class='ocr_line' id='line_1_37' title="bbox 294 4525 1393 4609; baseline -0.002 -19"><span class='ocrx_word' id='word_1_244' title='bbox 294 4525 456 4590; x_wconf 87' lang='lat' dir='ltr'>Feriarum</span> <span class='ocrx_word' id='word_1_245' title='bbox 479 4525 683 4590; x_wconf 89' lang='lat' dir='ltr'>multitudine</span> <span class='ocrx_word' id='word_1_246' title='bbox 708 4527 842 4590; x_wconf 88' lang='lat' dir='ltr'>nimium</span> <span class='ocrx_word' id='word_1_247' title='bbox 857 4527 971 4590; x_wconf 89' lang='lat' dir='ltr'>cessari</span> <span class='ocrx_word' id='word_1_248' title='bbox 996 4526 1028 4589; x_wconf 92' lang='lat' dir='ltr'>in</span> <span class='ocrx_word' id='word_1_249' title='bbox 1046 4526 1159 4592; x_wconf 89' lang='lat' dir='ltr'>studiis</span> <span class='ocrx_word' id='word_1_250' title='bbox 1182 4548 1246 4590; x_wconf 89' lang='lat' dir='ltr'>non</span> <span class='ocrx_word' id='word_1_251' title='bbox 1268 4528 1393 4609; x_wconf 91' lang='lat' dir='ltr'>oportet</span> 
     </span>
     <span class='ocr_line' id='line_1_38' title="bbox 1145 4631 1201 4685; baseline 0.054 -3"><span class='ocrx_word' id='word_1_252' title='bbox 1145 4631 1178 4685; x_wconf 82' lang='lat'>25</span> <span class='ocrx_word' id='word_1_253' title='bbox 1188 4631 1201 4660; x_wconf 82' lang='lat'>*</span> 
     </span>
    </p>
   </div>
   <div class='ocr_carea' id='block_1_8' title="bbox 0 0 1773 5322">
    <p class='ocr_par' dir='ltr' id='par_1_17' title="bbox 0 0 1773 5322">
     <span class='ocr_line' id='line_1_39' title="bbox 0 0 1773 5322; baseline 0 0"><span class='ocrx_word' id='word_1_254' title='bbox 0 0 1773 5322; x_wconf 95' lang='lat' dir='ltr'> </span> 
     </span>
    </p>
   </div>
  </div>
 </body>
</html>
