3460 5314
679 441 795 498 statua
816 441 891 498 nea
1016 435 1023 448 ·
1316 443 1379 510 281

186 604 304 666 secreto
321 601 496 667 deliberent
510 601 548 667 ds
570 601 746 688 punctis
769 601 830 688 ipsi
846 602 1054 667 examinando
1070 600 1280 684 assignandis.
1317 593 1387 679 Quo

183 704 309 790 quidem
332 711 451 791 puncta
480 730 499 772 a
521 706 701 772 doctoribus
734 707 785 771 vel
807 728 916 772 eorum
946 707 1064 772 maiore
1086 709 1177 791 parte
1199 707 1380 786 deliberata,

184 810 319 876 decanus
341 816 477 896 protunc
499 813 609 878 statim
628 812 729 877 eidem
753 813 894 897 assignet
915 816 1011 896 prout
1033 811 1187 896 sequitur.
1236 810 1388 887 Quocirca

184 916 364 995 statuimus,
388 917 472 1001 quod
494 917 614 1002 petenti
639 916 744 982 subire
760 939 890 983 examen
907 916 1071 1001 publicum
1087 939 1145 1002 pro
1160 917 1290 982 licentia
1306 917 1387 981 dun·

184 1021 330 1085 taretin
354 1022 421 1086 iure
442 1023 593 1088 canonico
616 1023 818 1108 assignentur
847 1023 908 1087 duo
932 1025 1050 1108 puncta
1072 1044 1168 1086 vnum
1192 1021 1225 1086 in
1248 1021 1387 1087 decreta-

186 1125 282 1204 libus,
306 1126 464 1210 reliquum
488 1149 560 1192 vero
583 1129 617 1192 in
641 1127 774 1193 decreto.
819 1127 869 1193 Itu
892 1133 999 1194 tamen
1016 1132 1051 1192 rt
1074 1149 1137 1192 non
1161 1129 1332 1212 punctetur
1355 1126 1388 1190 in

186 1229 454 1297 distinctionibus.
508 1233 728 1298 Pariformiter
757 1234 877 1299 volenti
908 1234 1083 1299 examinari
1115 1255 1173 1318 pro
1204 1230 1332 1296 licentia
1354 1229 1388 1294 iu

186 1334 254 1400 iure
277 1335 364 1401 ciuili
386 1339 588 1422 assignentur
629 1340 690 1404 duo
719 1343 854 1423 puncta,
886 1361 984 1404 vnum
1014 1340 1049 1403 in
1071 1337 1200 1414 Codice,
1231 1335 1389 1419 reliquum

189 1461 264 1505 vero
287 1441 320 1504 in
336 1441 469 1528 Digesto
492 1445 599 1520 veteri.
646 1443 696 1508 Ita
717 1449 825 1510 tamen
848 1445 931 1528 quod
955 1447 1124 1528 punctetur
1146 1442 1180 1505 iu
1203 1442 1280 1506 locis
1304 1439 1390 1505 ordi-

188 1545 298 1610 nariis.
347 1544 523 1613 Statuimus
555 1554 699 1633 preterea
730 1549 813 1633 quod
845 1549 971 1633 punctis
1001 1570 1059 1633 pro
1089 1547 1233 1611 examine
1255 1544 1391 1630 publico,

190 1653 226 1714 vt
248 1650 453 1734 premissum,
478 1654 648 1739 assignatis
672 1654 904 1738 promouendus
927 1652 1034 1718 eodem
1057 1651 1107 1716 die
1129 1655 1202 1737 post
1223 1649 1392 1736 prandium
1446 1651 1450 1658 '

188 1753 267 1818 hora
289 1756 424 1820 secunda
446 1762 591 1823 teneatur
620 1781 657 1824 ea
679 1759 811 1823 recitare
826 1759 860 1822 in
884 1757 1041 1844 presentia
1064 1756 1183 1822 domini
1207 1752 1394 1820 Cancellarii

190 1863 222 1923 et
245 1861 342 1924 totius
371 1860 532 1927 facultatis
555 1864 687 1930 iuridioe
709 1867 819 1928 vocata
841 1868 876 1927 vt
899 1885 995 1947 supra
1017 1863 1055 1927 de
1077 1860 1181 1926 officio
1203 1861 1313 1925 decani
1336 1859 1394 1923 ha·

191 1964 293 2029 betur.
340 1965 409 2041 Qua
431 1968 616 2035 recitatione
637 1969 730 2034 finita
750 1969 947 2034 examinetur
970 1968 1038 2053 ipse
1060 1965 1291 2051 promouendus
1313 1963 1396 2028 circa

191 2091 228 2133 ea
259 2092 278 2133 a
309 2070 563 2138 doctoribus
594 2074 835 2140 facultatis.
881 2073 1013 2138 Peracto
1035 2093 1109 2138 vero
1139 2069 1283 2134 examine
1305 2069 1395 2132 exeat

194 2175 438 2258 promouendus,
462 2177 573 2243 deinde
604 2179 715 2244 habita
737 2178 962 2244 deliberatione
984 2199 1077 2261 super
1100 2175 1243 2240 examine
1270 2194 1306 2238 ac
1329 2170 1395 2236 suf-

194 2279 333 2346 ficientia
356 2287 387 2347 et
409 2283 593 2368 ydoneitate
616 2284 821 2368 promouendi
837 2287 869 2348 et
891 2305 927 2348 eo
949 2281 1125 2367 approbato
1149 2279 1294 2345 dominus
1312 2275 1395 2340 (lan-

193 2384 339 2450 cellarius
362 2387 542 2473 designabit
563 2390 647 2454 diem
670 2394 703 2455 et
720 2390 834 2467 locum,
858 2387 973 2472 quibus
988 2385 1049 2450 sibi
1065 2385 1226 2450 licentiam
1242 2381 1395 2448 conferat.

279 2488 366 2564 Quod
389 2493 416 2556 si
439 2494 652 2577 promouendo
676 2494 849 2579 placuerit,
873 2487 992 2577 poterit
1013 2490 1122 2556 eodem
1146 2490 1195 2555 die
1218 2488 1314 2553 etiam
1338 2486 1396 2549 in-

193 2594 342 2679 signia
374 2597 614 2666 doctoralia
644 2600 820 2685 suscipere,
852 2599 879 2664 si
913 2599 944 2663 id
967 2595 1156 2681 permissum
1188 2591 1286 2657 fuerit
1308 2615 1327 2657 a
1349 2591 1397 2655 fa·

196 2698 343 2765 cultate'

281 2802 363 2870 Item
385 2808 565 2886 statuimus,
591 2810 676 2894 quod
692 2810 871 2895 quicunque
886 2811 994 2875 doctor
1009 2805 1148 2873 examini
1163 2802 1290 2889 publico
1306 2801 1397 2865 effec-

195 2911 325 2974 tualitcr
348 2933 412 2976 non
428 2912 617 2993 interfuerit,
642 2938 700 3000 pro
723 2937 910 3000 quocunque
933 2915 1034 3001 gradu
1050 2911 1200 2997 peccunia
1223 2906 1342 2973 carebit
1364 2904 1398 2968 in

194 3012 253 3077 tali
285 3016 428 3082 examine
457 3018 585 3101 publico
615 3019 698 3084 inter
721 3019 960 3086 Examinatores
989 3016 1207 3085 distribuenda
1229 3011 1336 3076 Etiam
1367 3009 1395 3074 si

194 3139 232 3182 ex
254 3140 347 3185 causa
368 3122 552 3188 rationabili
575 3126 687 3192 absens
710 3127 816 3192 fuerit.

359 3361 415 3428 De
437 3371 637 3456 expensis
660 3367 1041 3453 promouendorum
1063 3367 1103 3430 in
1127 3363 1236 3430 Jure.

880 3541 1008 3606 Rectori
1031 3539 1061 3606 V
1083 3543 1116 3626 β.

880 3647 955 3711 fisco
978 3645 1075 3711 Vniu.
1099 3640 1198 3707 XIIII
1220 3643 1252 3725 β.

880 3751 955 3815 fisco
979 3748 1087 3814 facult.
1112 3745 1146 3811 Il
1168 3745 1237 3809 flor.

554 3857 593 3922 ln
609 3856 708 3922 altero
723 3860 850 3922 tanturn
882 3877 940 3940 pro
962 3850 1201 3919 kathedralibus
1223 3847 1258 3912 II
1278 3847 1346 3911 flor.

880 3981 938 4043 pro
961 3958 1104 4022 examine
1126 3954 1195 4020 1111
1218 3953 1286 4018 flor.

880 4061 1011 4147 pedellis
1032 4059 1138 4146 Vlla.
1163 4059 1205 4124 Et
1227 4055 1398 4143 prandium

902 4188 960 4252 pro
969 4166 1115 4231 omnibus
1127 4159 1302 4230 deconsilio
1315 4158 1402 4224 rniu.

614 4275 653 4339 ln
676 4278 810 4358 utroque
881 4275 1008 4336 tenetur
1045 4270 1166 4334 soluere
1205 4270 1241 4331 rt
1276 4287 1380 4349 supra,

904 4379 1106 4460 preterquam
1129 4373 1212 4457 quod
1231 4371 1319 4437 dabit
1345 4391 1402 4455 pro

906 4480 1050 4546 examine
1064 4477 1147 4545 VIII
1160 4477 1191 4544 fl.

222 3963 512 4031 Baccalaureaudus
