3424 5308
703 517 787 574 1589.
1282 515 1344 582 673

226 732 291 796 Sub
322 735 479 796 rectoratn
509 729 618 793 eximii
650 729 709 793 viri
740 729 778 792 D.
803 727 984 792 Mronarrnrs
1006 726 1153 792 Ruounnr
1178 727 1342 792 medicinae

142 837 291 914 doctoris,
322 835 412 899 adio
435 835 516 899 testo
538 834 591 901 SS.
616 834 699 898 Phil.
724 839 757 898 et
780 833 846 898 Jae.
871 857 898 897 a.
925 837 1007 896 1539
1039 855 1138 916 usque
1161 833 1200 896 ad
1223 833 1340 896 festum

142 941 321 1005 diui.Lucae
343 939 480 1004 eiusdem
504 940 600 1018 anui,
636 940 669 1002 in
693 939 907 1003 studiosorum
930 959 1099 1001 numerum
1124 938 1244 1022 recepti
1267 941 1343 1002 sunt

142 1047 224 1110 iufra
247 1046 367 1130 scripti.

626 1202 735 1267 Mense
759 1202 853 1267 Maio.

166 1315 191 1373 l.
216 1309 399 1373 Anthonius
423 1308 638 1394 Sibeubttrger
661 1331 699 1372 ex
723 1308 882 1372 Braunaw
909 1307 1053 1372 Banariae
1075 1307 1229 1392 oppidulo
1258 1312 1304 1370 12.

165 1418 193 1477 2.
217 1413 354 1478 Jacobns
376 1413 527 1478 Vlsumer
551 1413 779 1499 Minsingensis
807 1418 855 1476 16.

164 1523 192 1582 3.
217 1518 357 1583 Joannes
382 1518 482 1602 Veyel
509 1518 800 1602 Herbertingensis

165 1631 193 1688 4.
219 1623 385 1707 Crispinus
409 1623 519 1688 Simell
544 1623 674 1708 (Semel)
699 1646 736 1688 ex
758 1622 934 1708 Baolmang
960 1629 1009 1688 19.

164 1735 193 1792 5.
218 1729 342 1792 Marcus
365 1727 579 1794 Stebenhaber
605 1729 821 1814 Augustanus,

619 1834 728 1898 Mense
754 1833 861 1898 Junio.

168 1944 196 2004 6.
221 1938 358 2002 Michael
380 1938 550 2003 Beohtoldt
572 1962 610 2002 ex
633 1938 781 2003 Buechen
814 1939 945 2002 diocesis
968 1939 1254 2024 wurtzburgonsis,
1286 1939 1345 2002 sub

223 2045 343 2108 ditione
366 2047 472 2108 tamen
496 2045 634 2128 episcopi
658 2044 844 2128 Moguntini
867 2050 896 2108 3.

168 2155 195 2214 7.
221 2149 376 2232 Georgius
399 2149 596 2234 Eyschinger
626 2172 664 2213 ex
694 2149 897 2213 Deckendorf
925 2149 1069 2214 Bauariae
1102 2150 1235 2233 oppido,
1272 2170 1347 2232 pro-

216 2256 306 2318 misit
333 2255 416 2318 bona
439 2253 500 2317 lide
522 2277 554 2317 se
578 2277 644 2319 esso
668 2277 837 2340 pauperem
860 2261 956 2339 atque
979 2255 1011 2319 id
1039 2278 1130 2338 posse
1146 2255 1257 2320 testari
1274 2276 1346 2319 oum

218 2359 257 2422 D.
288 2359 384 2424 Leon.
420 2359 445 2423 F
448 2360 554 2424 uohsio
584 2364 616 2425 et
640 2360 678 2424 D.
704 2360 901 2445 Wolfgaugo
924 2361 1137 2438 Thalhusem,
1170 2361 1256 2424 dedit
1288 2382 1344 2444 pe·
1410 2409 1418 2440 .

220 2465 302 2528 (lello
329 2471 343 2528 1
369 2489 392 2528 S.
419 2469 447 2528 3.

164 2576 193 2634 8.
218 2568 363 2648 Michael

167 2681 196 2739 9.
221 2674 331 2739 Gallus
354 2674 495 2739 Piscator
518 2675 633 2741 fratres
658 2677 909 2742 Blaubeurenses
933 2683 961 2741 5.

146 2787 194 2845 10.
219 2779 355 2846 Jacobus
378 2779 494 2845 Muller
519 2781 652 2866 (Miller)
676 2805 714 2846 ex
738 2783 911 2847 Waltdorff
934 2787 962 2845 1.

145 2890 193 2951 ll.
217 2887 398 2951 Alexander
420 2886 568 2970 Blessing
591 2887 629 2951 de
651 2887 814 2953 Kurolraiu
846 2888 949 2952 abfuit
981 2886 1054 2952 hinc
1084 2888 1260 2951 triennium
1297 2909 1346 2951 re-

218 3013 325 3064 uersus
348 2992 456 3056 eodem
479 2991 530 3055 die
553 3015 585 3056 se
612 2994 775 3058 indicauit.
1050 2977 1053 2984 ’

147 3103 195 3161 12.
222 3096 362 3161 Joannes
385 3095 488 3160 David
510 3096 639 3181 Weyler
663 3099 850 3164 Phoroensis
874 3106 904 3163 8.

146 3207 194 3265 13.
218 3200 331 3267 Petrus
354 3201 473 3265 Stisslin
499 3200 654 3286 (Giisslin)
677 3201 933 3286 Stutgardianus‚
959 3204 1046 3266 euius
1070 3204 1197 3266 nomine
1220 3202 1259 3265 D.
1285 3201 1346 3265 Er-

220 3307 336 3369 hardus
359 3305 545 3388 Schnepfius
569 3309 711 3391 rogauit,
745 3313 779 3372 vt
802 3309 935 3394 pecunia
957 3308 1177 3391 inscripoiouis
1200 3309 1240 3370 ob
1265 3330 1344 3391 pau-

221 3415 375 3494 pertatem
398 3411 543 3491 douetm,
568 3414 721 3495 persoluit
744 3415 899 3478 duntaxat
922 3414 1046 3498 peclello
1075 3419 1092 3476 2
1117 3437 1141 3477 s,
1167 3420 1195 3477 o.

147 3521 195 3578 14.
221 3513 521 3580 JoannesOefnerus
535 3539 678 3602 cognom.
693 3517 912 3604 Saltzeggerus
928 3542 1023 3602 prope
1035 3519 1301 3602 Rauenspurgum
1317 3524 1347 3583 9.

148 3625 196 3684 15.
221 3620 325 3687 Dauid
350 3619 498 3684 Kochhal
521 3645 558 3686 ex
581 3622 787 3709 Mentzingen
817 3631 867 3688 22.

147 3729 195 3788 16.
222 3725 387 3810 Remigius
411 3726 553 3791 Hermen
578 3750 615 3790 ex
639 3727 794 3792 Boudorff
815 3733 865 3792 25.

146 3836 195 3894 17.
221 3830 376 3916 Georgius
399 3837 418 3895 a
442 3831 595 3898 Neuuecl(
620 3838 670 3897 26.

108 3953 115 3964 ’
632 3938 740 4003 Mense
763 3939 859 4004 Julio.

145 4048 196 4106 18.
220 4041 443 4127 Hieronymus

146 4153 196 4212 19.
221 4146 357 4212 Lazarus
380 4147 464 4212 Zoch
487 4149 601 4214 fratres
625 4173 662 4214 ex
687 4151 770 4216 Hala
794 4151 956 4217 Saxonum
983 4156 1030 4215 13.

297 4321 352 4328 ,μ-

213 4410 236 4463 2.
257 4407 478 4465 Vltzhamer
503 4411 539 4466 M.
560 4415 590 4466 Α.
613 4416 688 4468 1544.
710 4444 740 4453 -
760 4415 784 4466 4.
815 4413 1075 4468 Buckeuhoinrensis
1100 4411 1137 4466 M.
1157 4411 1190 4464 A.
1220 4413 1295 4466 1544.
1318 4441 1349 4449 -

145 4499 185 4551 10.
207 4499 372 4552 Altorfensis
400 4498 466 4552 lllfa.
486 4531 518 4539 -
541 4502 579 4554 15.
606 4501 814 4569 Chytrreus‚
843 4501 878 4554 11.
908 4503 939 4554 Α.
964 4501 1095 4572 15441).
1125 4503 1154 4553 ot
1172 4500 1242 4570 prof.
1263 4499 1348 4554 theol.

140 4585 227 4640 valde
246 4585 361 4639 celebris
380 4589 409 4640 et
427 4587 524 4641 doctus
543 4587 572 4640 in
592 4589 1051 4644 110011.11011001101111.Μ111.1)111.

188 4692 319 4733 Urkunden
334 4692 417 4734 110111.
431 4692 562 4744 'subiugum
1106 4679 1141 4734 43
