<?xml version="1.0" encoding="UTF-8"?>
<!DOCTYPE html PUBLIC "-//W3C//DTD XHTML 1.0 Transitional//EN"
    "http://www.w3.org/TR/xhtml1/DTD/xhtml1-transitional.dtd">
<html xmlns="http://www.w3.org/1999/xhtml" xml:lang="en" lang="en">
 <head>
  <title>
</title>
<meta http-equiv="Content-Type" content="text/html;charset=utf-8" />
  <meta name='ocr-system' content='tesseract 3.04.00' />
  <meta name='ocr-capabilities' content='ocr_page ocr_carea ocr_par ocr_line ocrx_word'/>
</head>
<body>
  <div class='ocr_page' id='page_1' title='image "./urkundenzurgesc00tbgoog_0456.png"; bbox 0 0 3504 5322; ppageno 0'>
   <div class='ocr_carea' id='block_1_1' title="bbox 357 431 1010 502">
    <p class='ocr_par' dir='ltr' id='par_1_1' title="bbox 357 431 1010 502">
     <span class='ocr_line' id='line_1_1' title="bbox 357 431 1010 502; baseline -0.002 -15"><span class='ocrx_word' id='word_1_1' title='bbox 357 437 421 502; x_wconf 78' lang='grc'>442</span> <span class='ocrx_word' id='word_1_2' title='bbox 909 431 1010 488; x_wconf 79' lang='lat' dir='ltr'>Bursae.</span> 
     </span>
    </p>
   </div>
   <div class='ocr_carea' id='block_1_2' title="bbox 352 592 1562 1835">
    <p class='ocr_par' dir='ltr' id='par_1_2' title="bbox 352 592 1562 1835">
     <span class='ocr_line' id='line_1_2' title="bbox 355 592 1561 677; baseline -0.002 -19"><span class='ocrx_word' id='word_1_3' title='bbox 355 593 518 658; x_wconf 92' lang='lat' dir='ltr'>sidibus</span> <span class='ocrx_word' id='word_1_4' title='bbox 542 593 828 658; x_wconf 74' lang='lat' dir='ltr'>Contubernii</span> <span class='ocrx_word' id='word_1_5' title='bbox 852 593 984 677; x_wconf 85' lang='lat' dir='ltr'>probare</span> <span class='ocrx_word' id='word_1_6' title='bbox 1008 592 1131 658; x_wconf 89' lang='lat' dir='ltr'>debent.</span> <span class='ocrx_word' id='word_1_7' title='bbox 1179 592 1305 674; x_wconf 77' lang='lat' dir='ltr'>Quodsi,</span> <span class='ocrx_word' id='word_1_8' title='bbox 1330 614 1386 658; x_wconf 91' lang='lat' dir='ltr'>our</span> <span class='ocrx_word' id='word_1_9' title='bbox 1402 592 1561 670; x_wconf 86' lang='lat' dir='ltr'>abessent,</span> 
     </span>
     <span class='ocr_line' id='line_1_3' title="bbox 354 694 1560 783; baseline -0.001 -20"><span class='ocrx_word' id='word_1_10' title='bbox 354 720 479 763; x_wconf 82' lang='lat' dir='ltr'>causam</span> <span class='ocrx_word' id='word_1_11' title='bbox 502 698 688 780; x_wconf 74' lang='lat' dir='ltr'>praesidibus</span> <span class='ocrx_word' id='word_1_12' title='bbox 705 720 767 763; x_wconf 90' lang='lat' dir='ltr'>non</span> <span class='ocrx_word' id='word_1_13' title='bbox 785 696 961 783; x_wconf 73' lang='lat' dir='ltr'>probarint,</span> <span class='ocrx_word' id='word_1_14' title='bbox 985 697 1123 762; x_wconf 89' lang='lat' dir='ltr'>triobulo</span> <span class='ocrx_word' id='word_1_15' title='bbox 1139 719 1194 762; x_wconf 89' lang='lat' dir='ltr'>seu</span> <span class='ocrx_word' id='word_1_16' title='bbox 1211 698 1358 762; x_wconf 90' lang='lat' dir='ltr'>cruciatis</span> <span class='ocrx_word' id='word_1_17' title='bbox 1373 694 1440 760; x_wconf 94' lang='lat' dir='ltr'><strong>IIII</strong></span> <span class='ocrx_word' id='word_1_18' title='bbox 1456 696 1560 762; x_wconf 91' lang='lat' dir='ltr'>mulc-</span> 
     </span>
     <span class='ocr_line' id='line_1_4' title="bbox 355 801 1560 888; baseline -0.001 -21"><span class='ocrx_word' id='word_1_19' title='bbox 355 807 471 867; x_wconf 87' lang='lat' dir='ltr'>tentur.</span> <span class='ocrx_word' id='word_1_20' title='bbox 518 802 551 867; x_wconf 82' lang='lat' dir='ltr'>Si</span> <span class='ocrx_word' id='word_1_21' title='bbox 574 807 680 867; x_wconf 90' lang='lat' dir='ltr'>tumen</span> <span class='ocrx_word' id='word_1_22' title='bbox 703 825 737 868; x_wconf 90' lang='lat' dir='ltr'>re</span> <span class='ocrx_word' id='word_1_23' title='bbox 760 807 814 868; x_wconf 87' lang='lat' dir='ltr'>aut</span> <span class='ocrx_word' id='word_1_24' title='bbox 836 801 993 888; x_wconf 73' lang='lat' dir='ltr'>dignitate</span> <span class='ocrx_word' id='word_1_25' title='bbox 1016 803 1192 887; x_wconf 88' lang='lat' dir='ltr'>cuiuspiam</span> <span class='ocrx_word' id='word_1_26' title='bbox 1214 803 1382 887; x_wconf 81' lang='lat' dir='ltr'>flagitante</span> <span class='ocrx_word' id='word_1_27' title='bbox 1404 802 1560 886; x_wconf 81' lang='lat' dir='ltr'><strong>hospes</strong></span> 
     </span>
     <span class='ocr_line' id='line_1_5' title="bbox 355 907 1562 992; baseline -0.001 -21"><span class='ocrx_word' id='word_1_28' title='bbox 355 929 433 972; x_wconf 90' lang='lat' dir='ltr'>uon</span> <span class='ocrx_word' id='word_1_29' title='bbox 451 907 655 992; x_wconf 55' lang='lat' dir='ltr'>&#39;vulgaris</span> <span class='ocrx_word' id='word_1_30' title='bbox 686 908 870 973; x_wconf 82' lang='lat' dir='ltr'>inuitandos</span> <span class='ocrx_word' id='word_1_31' title='bbox 904 908 1061 985; x_wconf 85' lang='lat' dir='ltr'>videatur,</span> <span class='ocrx_word' id='word_1_32' title='bbox 1102 907 1191 972; x_wconf 90' lang='lat' dir='ltr'>cuius</span> <span class='ocrx_word' id='word_1_33' title='bbox 1225 907 1409 974; x_wconf 73' lang='lat' dir='ltr'>reuerentiae</span> <span class='ocrx_word' id='word_1_34' title='bbox 1443 907 1562 971; x_wconf 87' lang='lat' dir='ltr'>lautior</span> 
     </span>
     <span class='ocr_line' id='line_1_6' title="bbox 354 1011 1560 1095; baseline -0.002 -19"><span class='ocrx_word' id='word_1_35' title='bbox 354 1033 464 1077; x_wconf 89' lang='lat' dir='ltr'>mensa</span> <span class='ocrx_word' id='word_1_36' title='bbox 484 1034 579 1095; x_wconf 89' lang='lat' dir='ltr'>quam</span> <span class='ocrx_word' id='word_1_37' title='bbox 594 1013 770 1077; x_wconf 86' lang='lat' dir='ltr'>communie</span> <span class='ocrx_word' id='word_1_38' title='bbox 787 1014 946 1091; x_wconf 75' lang='lat' dir='ltr'>debeatur,</span> <span class='ocrx_word' id='word_1_39' title='bbox 973 1011 1064 1078; x_wconf 88' lang='lat' dir='ltr'>liceat</span> <span class='ocrx_word' id='word_1_40' title='bbox 1085 1016 1175 1077; x_wconf 85' lang='lat' dir='ltr'>extra</span> <span class='ocrx_word' id='word_1_41' title='bbox 1197 1033 1338 1078; x_wconf 87' lang='lat' dir='ltr'>mensam</span> <span class='ocrx_word' id='word_1_42' title='bbox 1360 1031 1560 1077; x_wconf 89' lang='lat' dir='ltr'>communem</span> 
     </span>
     <span class='ocr_line' id='line_1_7' title="bbox 354 1114 1561 1200; baseline -0.002 -18"><span class='ocrx_word' id='word_1_43' title='bbox 354 1117 598 1182; x_wconf 87' lang='lat' dir='ltr'>conuiuium</span> <span class='ocrx_word' id='word_1_44' title='bbox 623 1118 786 1182; x_wconf 85' lang='lat' dir='ltr'>instruere.</span> <span class='ocrx_word' id='word_1_45' title='bbox 840 1117 891 1182; x_wconf 86' lang='lat' dir='ltr'>Ita</span> <span class='ocrx_word' id='word_1_46' title='bbox 915 1123 1020 1183; x_wconf 88' lang='lat' dir='ltr'>tamen</span> <span class='ocrx_word' id='word_1_47' title='bbox 1043 1122 1079 1182; x_wconf 83' lang='lat' dir='ltr'>vt</span> <span class='ocrx_word' id='word_1_48' title='bbox 1101 1120 1250 1182; x_wconf 88' lang='lat' dir='ltr'>damnum</span> <span class='ocrx_word' id='word_1_49' title='bbox 1272 1118 1331 1182; x_wconf 83' lang='lat' dir='ltr'>hae</span> <span class='ocrx_word' id='word_1_50' title='bbox 1363 1117 1397 1181; x_wconf 91' lang='lat' dir='ltr'>in</span> <span class='ocrx_word' id='word_1_51' title='bbox 1421 1119 1510 1200; x_wconf 87' lang='lat' dir='ltr'>parte</span> <span class='ocrx_word' id='word_1_52' title='bbox 1531 1114 1561 1180; x_wconf 91' lang='lat' dir='ltr'>si</span> 
     </span>
     <span class='ocr_line' id='line_1_8' title="bbox 358 1221 1562 1306; baseline -0.001 -20"><span class='ocrx_word' id='word_1_53' title='bbox 358 1223 441 1306; x_wconf 91' lang='lat' dir='ltr'>quod</span> <span class='ocrx_word' id='word_1_54' title='bbox 457 1223 698 1288; x_wconf 86' lang='lat' dir='ltr'>contubernium</span> <span class='ocrx_word' id='word_1_55' title='bbox 711 1223 831 1300; x_wconf 88' lang='lat' dir='ltr'>fecerit,</span> <span class='ocrx_word' id='word_1_56' title='bbox 847 1223 982 1288; x_wconf 83' lang='lat' dir='ltr'>maxime</span> <span class='ocrx_word' id='word_1_57' title='bbox 994 1222 1179 1288; x_wconf 83' lang='lat' dir='ltr'>utensilium</span> <span class='ocrx_word' id='word_1_58' title='bbox 1194 1221 1331 1299; x_wconf 86' lang='lat' dir='ltr'>nomine,</span> <span class='ocrx_word' id='word_1_59' title='bbox 1348 1222 1386 1287; x_wconf 90' lang='lat' dir='ltr'>de</span> <span class='ocrx_word' id='word_1_60' title='bbox 1402 1221 1562 1286; x_wconf 80' lang='lat' dir='ltr'>sententia</span> 
     </span>
     <span class='ocr_line' id='line_1_9' title="bbox 355 1326 1560 1396; baseline -0.002 -5"><span class='ocrx_word' id='word_1_61' title='bbox 355 1327 551 1392; x_wconf 82' lang='lat' dir='ltr'>Itectoris</span> <span class='ocrx_word' id='word_1_62' title='bbox 584 1327 790 1392; x_wconf 66' lang='lat' dir='ltr'>contubernii</span> <span class='ocrx_word' id='word_1_63' title='bbox 820 1328 985 1392; x_wconf 89' lang='lat' dir='ltr'>sarciatur.</span> <span class='ocrx_word' id='word_1_64' title='bbox 1042 1326 1175 1392; x_wconf 78' lang='lat' dir='ltr'>Dabunt</span> <span class='ocrx_word' id='word_1_65' title='bbox 1204 1331 1311 1392; x_wconf 85' lang='lat' dir='ltr'>tamen</span> <span class='ocrx_word' id='word_1_66' title='bbox 1342 1330 1412 1390; x_wconf 93' lang='lat' dir='ltr'>tum</span> <span class='ocrx_word' id='word_1_67' title='bbox 1449 1345 1560 1396; x_wconf 85' lang='lat' dir='ltr'>omues</span> 
     </span>
     <span class='ocr_line' id='line_1_10' title="bbox 353 1432 1559 1518; baseline -0.002 -23"><span class='ocrx_word' id='word_1_68' title='bbox 353 1453 492 1516; x_wconf 83' lang='lat' dir='ltr'>operam,</span> <span class='ocrx_word' id='word_1_69' title='bbox 516 1438 560 1511; x_wconf 92' lang='lat' dir='ltr'>vt,</span> <span class='ocrx_word' id='word_1_70' title='bbox 584 1434 610 1497; x_wconf 89' lang='lat' dir='ltr'>si</span> <span class='ocrx_word' id='word_1_71' title='bbox 631 1433 696 1498; x_wconf 94' lang='lat' dir='ltr'>ullo</span> <span class='ocrx_word' id='word_1_72' title='bbox 711 1432 804 1497; x_wconf 90' lang='lat' dir='ltr'>modo</span> <span class='ocrx_word' id='word_1_73' title='bbox 818 1433 886 1497; x_wconf 86' lang='lat' dir='ltr'>fieri</span> <span class='ocrx_word' id='word_1_74' title='bbox 899 1433 1009 1517; x_wconf 85' lang='lat' dir='ltr'>possit,</span> <span class='ocrx_word' id='word_1_75' title='bbox 1032 1433 1121 1518; x_wconf 90' lang='lat' dir='ltr'>prius</span> <span class='ocrx_word' id='word_1_76' title='bbox 1142 1432 1226 1516; x_wconf 83' lang='lat' dir='ltr'>apud</span> <span class='ocrx_word' id='word_1_77' title='bbox 1249 1451 1446 1496; x_wconf 89' lang='lat' dir='ltr'>communem</span> <span class='ocrx_word' id='word_1_78' title='bbox 1469 1451 1559 1494; x_wconf 88' lang='lat' dir='ltr'>men-</span> 
     </span>
     <span class='ocr_line' id='line_1_11' title="bbox 352 1533 1556 1604; baseline -0.004 -3"><span class='ocrx_word' id='word_1_79' title='bbox 352 1559 421 1602; x_wconf 86' lang='lat' dir='ltr'>sam</span> <span class='ocrx_word' id='word_1_80' title='bbox 444 1537 554 1602; x_wconf 79' lang='lat' dir='ltr'>assint.</span> <span class='ocrx_word' id='word_1_81' title='bbox 601 1537 719 1603; x_wconf 83' lang='lat' dir='ltr'>Contra</span> <span class='ocrx_word' id='word_1_82' title='bbox 734 1537 923 1603; x_wconf 83' lang='lat' dir='ltr'>facientibus</span> <span class='ocrx_word' id='word_1_83' title='bbox 946 1539 1065 1604; x_wconf 87' lang='lat' dir='ltr'>mulcta</span> <span class='ocrx_word' id='word_1_84' title='bbox 1087 1538 1297 1603; x_wconf 79' lang='lat' dir='ltr'>cruciatorum</span> <span class='ocrx_word' id='word_1_85' title='bbox 1314 1533 1382 1600; x_wconf 90' lang='lat' dir='ltr'><strong>IIII</strong></span> <span class='ocrx_word' id='word_1_86' title='bbox 1398 1534 1556 1600; x_wconf 90' lang='lat' dir='ltr'>indicitor.</span> 
     </span>
     <span class='ocr_line' id='line_1_12' title="bbox 352 1639 1561 1729; baseline -0.002 -25"><span class='ocrx_word' id='word_1_87' title='bbox 352 1639 410 1704; x_wconf 78' lang='lat' dir='ltr'>Est</span> <span class='ocrx_word' id='word_1_88' title='bbox 432 1646 536 1706; x_wconf 91' lang='lat' dir='ltr'>autem</span> <span class='ocrx_word' id='word_1_89' title='bbox 560 1644 776 1728; x_wconf 86' lang='lat' dir='ltr'>accipiendum</span> <span class='ocrx_word' id='word_1_90' title='bbox 790 1643 871 1708; x_wconf 91' lang='lat' dir='ltr'>nihil</span> <span class='ocrx_word' id='word_1_91' title='bbox 886 1643 946 1709; x_wconf 88' lang='lat' dir='ltr'>hac</span> <span class='ocrx_word' id='word_1_92' title='bbox 962 1643 1198 1729; x_wconf 72' lang='lat' dir='ltr'>praescriptione</span> <span class='ocrx_word' id='word_1_93' title='bbox 1222 1641 1308 1707; x_wconf 86' lang='lat' dir='ltr'>aliud</span> <span class='ocrx_word' id='word_1_94' title='bbox 1329 1639 1429 1706; x_wconf 81' lang='lat' dir='ltr'>statui</span> <span class='ocrx_word' id='word_1_95' title='bbox 1460 1659 1561 1722; x_wconf 89' lang='lat' dir='ltr'>quam</span> 
     </span>
     <span class='ocr_line' id='line_1_13' title="bbox 353 1745 1560 1835; baseline -0.002 -25"><span class='ocrx_word' id='word_1_96' title='bbox 353 1749 387 1810; x_wconf 85' lang='lat' dir='ltr'>vt</span> <span class='ocrx_word' id='word_1_97' title='bbox 410 1751 567 1826; x_wconf 87' lang='lat' dir='ltr'>caueatur,</span> <span class='ocrx_word' id='word_1_98' title='bbox 592 1771 631 1814; x_wconf 91' lang='lat' dir='ltr'>ue</span> <span class='ocrx_word' id='word_1_99' title='bbox 648 1748 793 1834; x_wconf 87' lang='lat' dir='ltr'>discipuli</span> <span class='ocrx_word' id='word_1_100' title='bbox 809 1749 847 1813; x_wconf 88' lang='lat' dir='ltr'>ad</span> <span class='ocrx_word' id='word_1_101' title='bbox 863 1769 987 1814; x_wconf 88' lang='lat' dir='ltr'>mensas</span> <span class='ocrx_word' id='word_1_102' title='bbox 1003 1749 1121 1834; x_wconf 85' lang='lat' dir='ltr'>absque</span> <span class='ocrx_word' id='word_1_103' title='bbox 1142 1747 1297 1835; x_wconf 88' lang='lat' dir='ltr'>magistro</span> <span class='ocrx_word' id='word_1_104' title='bbox 1329 1745 1560 1829; x_wconf 86' lang='lat' dir='ltr'>relinquantur.</span> 
     </span>
    </p>
   </div>
   <div class='ocr_carea' id='block_1_3' title="bbox 886 1922 1026 1992">
    <p class='ocr_par' dir='ltr' id='par_1_3' title="bbox 886 1922 1026 1992">
     <span class='ocr_line' id='line_1_14' title="bbox 886 1922 1026 1992; baseline 0.014 -2"><span class='ocrx_word' id='word_1_105' title='bbox 886 1922 1026 1992; x_wconf 88' lang='lat' dir='ltr'><strong>XVIIII.</strong></span> 
     </span>
    </p>
   </div>
   <div class='ocr_carea' id='block_1_4' title="bbox 351 2055 1560 2439">
    <p class='ocr_par' dir='ltr' id='par_1_4' title="bbox 351 2055 1560 2439">
     <span class='ocr_line' id='line_1_15' title="bbox 445 2055 1560 2146; baseline -0.004 -22"><span class='ocrx_word' id='word_1_106' title='bbox 445 2060 513 2136; x_wconf 81' lang='lat' dir='ltr'>Quo</span> <span class='ocrx_word' id='word_1_107' title='bbox 536 2060 668 2144; x_wconf 90' lang='lat' dir='ltr'>quisque</span> <span class='ocrx_word' id='word_1_108' title='bbox 691 2060 845 2146; x_wconf 84' lang='lat' dir='ltr'>Magister</span> <span class='ocrx_word' id='word_1_109' title='bbox 868 2081 997 2126; x_wconf 89' lang='lat' dir='ltr'>munere</span> <span class='ocrx_word' id='word_1_110' title='bbox 1025 2060 1092 2144; x_wconf 88' lang='lat' dir='ltr'>ipse</span> <span class='ocrx_word' id='word_1_111' title='bbox 1114 2058 1285 2144; x_wconf 81' lang='lat' dir='ltr'>iungetur,</span> <span class='ocrx_word' id='word_1_112' title='bbox 1324 2058 1500 2142; x_wconf 71' lang='lat' dir='ltr'>prasertim</span> <span class='ocrx_word' id='word_1_113' title='bbox 1530 2055 1560 2120; x_wconf 90' lang='lat' dir='ltr'>si</span> 
     </span>
     <span class='ocr_line' id='line_1_16' title="bbox 355 2161 1559 2250; baseline -0.002 -23"><span class='ocrx_word' id='word_1_114' title='bbox 355 2164 439 2246; x_wconf 91' lang='lat' dir='ltr'>quod</span> <span class='ocrx_word' id='word_1_115' title='bbox 461 2165 590 2229; x_wconf 90' lang='lat' dir='ltr'>solenne</span> <span class='ocrx_word' id='word_1_116' title='bbox 611 2166 663 2244; x_wconf 90' lang='lat' dir='ltr'>sit,</span> <span class='ocrx_word' id='word_1_117' title='bbox 689 2166 836 2250; x_wconf 84' lang='lat' dir='ltr'>nisique</span> <span class='ocrx_word' id='word_1_118' title='bbox 859 2165 965 2230; x_wconf 89' lang='lat' dir='ltr'>minus</span> <span class='ocrx_word' id='word_1_119' title='bbox 987 2164 1122 2242; x_wconf 86' lang='lat' dir='ltr'>faceret,</span> <span class='ocrx_word' id='word_1_120' title='bbox 1147 2163 1255 2248; x_wconf 87' lang='lat' dir='ltr'>vtique</span> <span class='ocrx_word' id='word_1_121' title='bbox 1277 2164 1435 2248; x_wconf 68' lang='lat' dir='ltr'>preficere</span> <span class='ocrx_word' id='word_1_122' title='bbox 1459 2161 1559 2226; x_wconf 88' lang='lat' dir='ltr'>alium</span> 
     </span>
     <span class='ocr_line' id='line_1_17' title="bbox 354 2265 1558 2353; baseline -0.001 -23"><span class='ocrx_word' id='word_1_123' title='bbox 354 2266 471 2347; x_wconf 89' lang='lat' dir='ltr'>liceret,</span> <span class='ocrx_word' id='word_1_124' title='bbox 495 2268 643 2353; x_wconf 89' lang='lat' dir='ltr'>praesides</span> <span class='ocrx_word' id='word_1_125' title='bbox 667 2268 875 2336; x_wconf 82' lang='lat' dir='ltr'>Contubernii</span> <span class='ocrx_word' id='word_1_126' title='bbox 897 2269 1111 2352; x_wconf 86' lang='lat' dir='ltr'>permiserint.</span> <span class='ocrx_word' id='word_1_127' title='bbox 1156 2267 1196 2332; x_wconf 90' lang='lat' dir='ltr'>Iu</span> <span class='ocrx_word' id='word_1_128' title='bbox 1218 2269 1277 2334; x_wconf 92' lang='lat' dir='ltr'>hoc</span> <span class='ocrx_word' id='word_1_129' title='bbox 1301 2269 1356 2351; x_wconf 89' lang='lat' dir='ltr'>qui</span> <span class='ocrx_word' id='word_1_130' title='bbox 1378 2265 1558 2350; x_wconf 88' lang='lat' dir='ltr'>deliquerit,</span> 
     </span>
     <span class='ocr_line' id='line_1_18' title="bbox 351 2371 919 2439; baseline 0.007 -5"><span class='ocrx_word' id='word_1_131' title='bbox 351 2371 561 2437; x_wconf 84' lang='lat' dir='ltr'>cruciatorum</span> <span class='ocrx_word' id='word_1_132' title='bbox 583 2371 613 2438; x_wconf 87' lang='lat' dir='ltr'>X</span> <span class='ocrx_word' id='word_1_133' title='bbox 636 2374 771 2439; x_wconf 84' lang='lat' dir='ltr'>multam</span> <span class='ocrx_word' id='word_1_134' title='bbox 794 2373 919 2438; x_wconf 89' lang='lat' dir='ltr'>soluito.</span> 
     </span>
    </p>
   </div>
   <div class='ocr_carea' id='block_1_5' title="bbox 918 2546 987 2613">
    <p class='ocr_par' dir='ltr' id='par_1_5' title="bbox 918 2546 987 2613">
     <span class='ocr_line' id='line_1_19' title="bbox 918 2546 987 2613; baseline -0.043 0"><span class='ocrx_word' id='word_1_135' title='bbox 918 2546 987 2613; x_wconf 87' lang='lat' dir='ltr'>XX.</span> 
     </span>
    </p>
   </div>
   <div class='ocr_carea' id='block_1_6' title="bbox 349 2683 1559 3608">
    <p class='ocr_par' dir='ltr' id='par_1_6' title="bbox 349 2683 1559 3608">
     <span class='ocr_line' id='line_1_20' title="bbox 439 2683 1559 2772; baseline -0.001 -23"><span class='ocrx_word' id='word_1_136' title='bbox 439 2684 571 2772; x_wconf 84' lang='lat' dir='ltr'>Leges</span> <span class='ocrx_word' id='word_1_137' title='bbox 595 2689 627 2751; x_wconf 89' lang='lat' dir='ltr'>et</span> <span class='ocrx_word' id='word_1_138' title='bbox 649 2691 816 2753; x_wconf 85' lang='lat' dir='ltr'>statuta</span> <span class='ocrx_word' id='word_1_139' title='bbox 838 2686 1123 2751; x_wconf 85' lang='lat' dir='ltr'>administrationis</span> <span class='ocrx_word' id='word_1_140' title='bbox 1146 2684 1387 2751; x_wconf 81' lang='lat' dir='ltr'>Contubernalis</span> <span class='ocrx_word' id='word_1_141' title='bbox 1410 2683 1559 2750; x_wconf 90' lang='lat' dir='ltr'>omnibus</span> 
     </span>
     <span class='ocr_line' id='line_1_21' title="bbox 352 2787 1558 2876; baseline -0.002 -22"><span class='ocrx_word' id='word_1_142' title='bbox 352 2790 548 2875; x_wconf 85' lang='lat' dir='ltr'>temporibus</span> <span class='ocrx_word' id='word_1_143' title='bbox 579 2813 613 2855; x_wconf 88' lang='lat' dir='ltr'>re</span> <span class='ocrx_word' id='word_1_144' title='bbox 647 2796 793 2875; x_wconf 87' lang='lat' dir='ltr'>poscente</span> <span class='ocrx_word' id='word_1_145' title='bbox 822 2811 937 2876; x_wconf 86' lang='lat' dir='ltr'>augere</span> <span class='ocrx_word' id='word_1_146' title='bbox 959 2790 1269 2876; x_wconf 88' lang='lat' dir='ltr'>Magistrorum</span> <span class='ocrx_word' id='word_1_147' title='bbox 1293 2788 1493 2875; x_wconf 82' lang='lat' dir='ltr'>Collegio</span> <span class='ocrx_word' id='word_1_148' title='bbox 1516 2787 1558 2852; x_wconf 91' lang='grc'>11-</span> 
     </span>
     <span class='ocr_line' id='line_1_22' title="bbox 352 2895 1556 2982; baseline -0.003 -22"><span class='ocrx_word' id='word_1_149' title='bbox 352 2900 430 2974; x_wconf 88' lang='lat' dir='ltr'>ceat,</span> <span class='ocrx_word' id='word_1_150' title='bbox 453 2897 506 2960; x_wconf 91' lang='lat' dir='ltr'>sed</span> <span class='ocrx_word' id='word_1_151' title='bbox 529 2895 585 2960; x_wconf 88' lang='lat' dir='ltr'>illa</span> <span class='ocrx_word' id='word_1_152' title='bbox 607 2899 713 2962; x_wconf 90' lang='lat' dir='ltr'>tamen</span> <span class='ocrx_word' id='word_1_153' title='bbox 737 2900 993 2982; x_wconf 84' lang='lat' dir='ltr'>augmentatum</span> <span class='ocrx_word' id='word_1_154' title='bbox 1016 2897 1144 2960; x_wconf 90' lang='lat' dir='ltr'>demum</span> <span class='ocrx_word' id='word_1_155' title='bbox 1162 2899 1232 2960; x_wconf 90' lang='lat' dir='ltr'>rata</span> <span class='ocrx_word' id='word_1_156' title='bbox 1254 2897 1358 2974; x_wconf 85' lang='lat' dir='ltr'>sunto,</span> <span class='ocrx_word' id='word_1_157' title='bbox 1382 2895 1408 2959; x_wconf 91' lang='lat' dir='ltr'>si</span> <span class='ocrx_word' id='word_1_158' title='bbox 1432 2916 1451 2957; x_wconf 90' lang='lat' dir='ltr'>a</span> <span class='ocrx_word' id='word_1_159' title='bbox 1474 2913 1556 2977; x_wconf 76' lang='lat' dir='ltr'>praa-</span> 
     </span>
     <span class='ocr_line' id='line_1_23' title="bbox 350 2997 1559 3085; baseline -0.001 -23"><span class='ocrx_word' id='word_1_160' title='bbox 350 2998 470 3064; x_wconf 88' lang='lat' dir='ltr'>sidibus</span> <span class='ocrx_word' id='word_1_161' title='bbox 501 2999 708 3066; x_wconf 86' lang='lat' dir='ltr'>Contubernii</span> <span class='ocrx_word' id='word_1_162' title='bbox 736 3023 800 3066; x_wconf 93' lang='lat' dir='ltr'>non</span> <span class='ocrx_word' id='word_1_163' title='bbox 836 3002 1015 3085; x_wconf 85' lang='lat' dir='ltr'>improbata</span> <span class='ocrx_word' id='word_1_164' title='bbox 1043 3001 1173 3066; x_wconf 86' lang='lat' dir='ltr'>luerint.</span> <span class='ocrx_word' id='word_1_165' title='bbox 1232 3000 1370 3065; x_wconf 85' lang='lat' dir='ltr'>Maxima</span> <span class='ocrx_word' id='word_1_166' title='bbox 1400 2998 1484 3082; x_wconf 91' lang='lat' dir='ltr'>quod</span> <span class='ocrx_word' id='word_1_167' title='bbox 1517 2997 1559 3062; x_wconf 86' lang='lat' dir='ltr'>ad</span> 
     </span>
     <span class='ocr_line' id='line_1_24' title="bbox 351 3104 1552 3188; baseline 0 -20"><span class='ocrx_word' id='word_1_168' title='bbox 351 3124 456 3168; x_wconf 81' lang='lat' dir='ltr'>euram</span> <span class='ocrx_word' id='word_1_169' title='bbox 478 3104 523 3168; x_wconf 90' lang='lat' dir='ltr'>rei</span> <span class='ocrx_word' id='word_1_170' title='bbox 547 3104 714 3171; x_wconf 86' lang='lat' dir='ltr'>familiaris</span> <span class='ocrx_word' id='word_1_171' title='bbox 738 3106 864 3172; x_wconf 87' lang='lat' dir='ltr'>attinet.</span> <span class='ocrx_word' id='word_1_172' title='bbox 910 3105 1031 3171; x_wconf 80' lang='lat' dir='ltr'>Culinae</span> <span class='ocrx_word' id='word_1_173' title='bbox 1054 3110 1086 3170; x_wconf 89' lang='lat' dir='ltr'>et</span> <span class='ocrx_word' id='word_1_174' title='bbox 1109 3105 1196 3170; x_wconf 85' lang='lat' dir='ltr'>oellae</span> <span class='ocrx_word' id='word_1_175' title='bbox 1218 3104 1348 3170; x_wconf 75' lang='lat' dir='ltr'>vinariae</span> <span class='ocrx_word' id='word_1_176' title='bbox 1371 3107 1552 3188; x_wconf 86' lang='lat' dir='ltr'>procurato·</span> 
     </span>
     <span class='ocr_line' id='line_1_25' title="bbox 350 3208 1557 3296; baseline 0.002 -26"><span class='ocrx_word' id='word_1_177' title='bbox 350 3228 399 3271; x_wconf 88' lang='lat' dir='ltr'>res</span> <span class='ocrx_word' id='word_1_178' title='bbox 423 3208 546 3294; x_wconf 85' lang='lat' dir='ltr'>legibus</span> <span class='ocrx_word' id='word_1_179' title='bbox 571 3232 589 3274; x_wconf 86' lang='lat' dir='ltr'>a</span> <span class='ocrx_word' id='word_1_180' title='bbox 612 3209 744 3295; x_wconf 88' lang='lat' dir='ltr'>collegio</span> <span class='ocrx_word' id='word_1_181' title='bbox 766 3210 996 3296; x_wconf 86' lang='lat' dir='ltr'>Magistrorum</span> <span class='ocrx_word' id='word_1_182' title='bbox 1011 3210 1183 3295; x_wconf 80' lang='lat' dir='ltr'>proposItis</span> <span class='ocrx_word' id='word_1_183' title='bbox 1206 3209 1348 3287; x_wconf 88' lang='lat' dir='ltr'>viuunto,</span> <span class='ocrx_word' id='word_1_184' title='bbox 1372 3208 1557 3292; x_wconf 73' lang='grc'>00000100·</span> 
     </span>
     <span class='ocr_line' id='line_1_26' title="bbox 350 3312 1558 3399; baseline 0.002 -23"><span class='ocrx_word' id='word_1_185' title='bbox 350 3315 437 3378; x_wconf 89' lang='lat' dir='ltr'>turos</span> <span class='ocrx_word' id='word_1_186' title='bbox 460 3314 679 3381; x_wconf 89' lang='lat' dir='ltr'>iusiurandum</span> <span class='ocrx_word' id='word_1_187' title='bbox 709 3316 814 3381; x_wconf 87' lang='lat' dir='ltr'>danto.</span> <span class='ocrx_word' id='word_1_188' title='bbox 861 3315 896 3381; x_wconf 84' lang='lat' dir='ltr'>Si</span> <span class='ocrx_word' id='word_1_189' title='bbox 925 3316 995 3399; x_wconf 91' lang='lat' dir='ltr'>quis</span> <span class='ocrx_word' id='word_1_190' title='bbox 1024 3319 1129 3380; x_wconf 89' lang='lat' dir='ltr'>autem</span> <span class='ocrx_word' id='word_1_191' title='bbox 1152 3314 1327 3380; x_wconf 89' lang='lat' dir='ltr'>incolarum</span> <span class='ocrx_word' id='word_1_192' title='bbox 1350 3312 1558 3380; x_wconf 84' lang='lat' dir='ltr'>Contubernii</span> 
     </span>
     <span class='ocr_line' id='line_1_27' title="bbox 349 3417 1557 3505; baseline 0.002 -23"><span class='ocrx_word' id='word_1_193' title='bbox 349 3417 478 3484; x_wconf 89' lang='lat' dir='ltr'>statutis</span> <span class='ocrx_word' id='word_1_194' title='bbox 500 3420 725 3505; x_wconf 87' lang='lat' dir='ltr'>magistrorum</span> <span class='ocrx_word' id='word_1_195' title='bbox 748 3443 876 3486; x_wconf 92' lang='lat' dir='ltr'>suorum</span> <span class='ocrx_word' id='word_1_196' title='bbox 899 3421 1095 3496; x_wconf 88' lang='lat' dir='ltr'>reclamarit,</span> <span class='ocrx_word' id='word_1_197' title='bbox 1119 3421 1281 3485; x_wconf 81' lang='lat' dir='ltr'>accusator</span> <span class='ocrx_word' id='word_1_198' title='bbox 1304 3420 1388 3504; x_wconf 86' lang='lat' dir='ltr'>apud</span> <span class='ocrx_word' id='word_1_199' title='bbox 1410 3418 1557 3505; x_wconf 86' lang='lat' dir='ltr'>praesides</span> 
     </span>
     <span class='ocr_line' id='line_1_28' title="bbox 353 3519 1039 3608; baseline 0.003 -22"><span class='ocrx_word' id='word_1_200' title='bbox 353 3519 569 3602; x_wconf 85' lang='lat' dir='ltr'>Contubernii,</span> <span class='ocrx_word' id='word_1_201' title='bbox 593 3524 723 3608; x_wconf 89' lang='lat' dir='ltr'>punitor</span> <span class='ocrx_word' id='word_1_202' title='bbox 745 3523 877 3589; x_wconf 90' lang='lat' dir='ltr'>arbitrio</span> <span class='ocrx_word' id='word_1_203' title='bbox 901 3523 1039 3589; x_wconf 91' lang='lat' dir='ltr'>illorum.</span> 
     </span>
    </p>
   </div>
   <div class='ocr_carea' id='block_1_7' title="bbox 902 3696 989 3762">
    <p class='ocr_par' dir='ltr' id='par_1_7' title="bbox 902 3696 989 3762">
     <span class='ocr_line' id='line_1_29' title="bbox 902 3696 989 3762; baseline -0.023 0"><span class='ocrx_word' id='word_1_204' title='bbox 902 3696 989 3762; x_wconf 88' lang='lat' dir='ltr'>XXI.</span> 
     </span>
    </p>
   </div>
   <div class='ocr_carea' id='block_1_8' title="bbox 345 3837 1558 4558">
    <p class='ocr_par' dir='ltr' id='par_1_8' title="bbox 345 3837 1558 4558">
     <span class='ocr_line' id='line_1_30' title="bbox 437 3837 1556 3925; baseline -0.002 -21"><span class='ocrx_word' id='word_1_205' title='bbox 437 3837 586 3925; x_wconf 85' lang='lat' dir='ltr'>Magistri</span> <span class='ocrx_word' id='word_1_206' title='bbox 609 3840 703 3904; x_wconf 90' lang='lat' dir='ltr'>etiam</span> <span class='ocrx_word' id='word_1_207' title='bbox 726 3840 853 3925; x_wconf 85' lang='lat' dir='ltr'>collegii</span> <span class='ocrx_word' id='word_1_208' title='bbox 876 3839 952 3904; x_wconf 88' lang='lat' dir='ltr'>dent</span> <span class='ocrx_word' id='word_1_209' title='bbox 974 3859 1126 3923; x_wconf 85' lang='lat' dir='ltr'>operam,</span> <span class='ocrx_word' id='word_1_210' title='bbox 1151 3841 1185 3902; x_wconf 87' lang='lat' dir='ltr'>vt</span> <span class='ocrx_word' id='word_1_211' title='bbox 1208 3858 1331 3902; x_wconf 88' lang='lat' dir='ltr'>morum</span> <span class='ocrx_word' id='word_1_212' title='bbox 1356 3837 1556 3916; x_wconf 90' lang='lat' dir='ltr'>ciuilitatem,</span> 
     </span>
     <span class='ocr_line' id='line_1_31' title="bbox 348 3942 1558 4029; baseline -0.001 -20"><span class='ocrx_word' id='word_1_213' title='bbox 348 3944 484 4010; x_wconf 85' lang='lat' dir='ltr'>maxime</span> <span class='ocrx_word' id='word_1_214' title='bbox 506 3945 582 4010; x_wconf 87' lang='lat' dir='ltr'>dum</span> <span class='ocrx_word' id='word_1_215' title='bbox 604 3945 692 4009; x_wconf 90' lang='lat' dir='ltr'>cibus</span> <span class='ocrx_word' id='word_1_216' title='bbox 715 3945 856 4029; x_wconf 83' lang='lat' dir='ltr'>capitur,</span> <span class='ocrx_word' id='word_1_217' title='bbox 891 3948 988 4027; x_wconf 83' lang='lat' dir='ltr'>utque</span> <span class='ocrx_word' id='word_1_218' title='bbox 1010 3944 1115 4027; x_wconf 90' lang='lat' dir='ltr'>ipsum</span> <span class='ocrx_word' id='word_1_219' title='bbox 1144 3964 1236 4008; x_wconf 88' lang='lat' dir='ltr'>suum</span> <span class='ocrx_word' id='word_1_220' title='bbox 1261 3942 1417 4026; x_wconf 87' lang='lat' dir='ltr'>quoddam</span> <span class='ocrx_word' id='word_1_221' title='bbox 1440 3965 1558 4009; x_wconf 83' lang='lat' dir='ltr'>mensae</span> 
     </span>
     <span class='ocr_line' id='line_1_32' title="bbox 346 4047 1557 4134; baseline -0.001 -20"><span class='ocrx_word' id='word_1_222' title='bbox 346 4050 492 4115; x_wconf 89' lang='lat' dir='ltr'>decorum</span> <span class='ocrx_word' id='word_1_223' title='bbox 515 4050 702 4128; x_wconf 89' lang='lat' dir='ltr'>custodiant,</span> <span class='ocrx_word' id='word_1_224' title='bbox 727 4072 789 4134; x_wconf 92' lang='lat' dir='ltr'>quo</span> <span class='ocrx_word' id='word_1_225' title='bbox 805 4049 947 4134; x_wconf 86' lang='lat' dir='ltr'>exemplo</span> <span class='ocrx_word' id='word_1_226' title='bbox 970 4048 1103 4112; x_wconf 91' lang='lat' dir='ltr'>studiosi</span> <span class='ocrx_word' id='word_1_227' title='bbox 1125 4047 1427 4113; x_wconf 87' lang='lat' dir='ltr'>rusticitatem</span> <span class='ocrx_word' id='word_1_228' title='bbox 1452 4053 1484 4113; x_wconf 91' lang='lat' dir='ltr'>et</span> <span class='ocrx_word' id='word_1_229' title='bbox 1506 4049 1557 4113; x_wconf 91' lang='lat' dir='ltr'>in·</span> 
     </span>
     <span class='ocr_line' id='line_1_33' title="bbox 345 4151 1557 4240; baseline -0.002 -21"><span class='ocrx_word' id='word_1_230' title='bbox 345 4155 536 4240; x_wconf 88' lang='lat' dir='ltr'>elegentiam</span> <span class='ocrx_word' id='word_1_231' title='bbox 557 4154 616 4219; x_wconf 88' lang='lat' dir='ltr'>hac</span> <span class='ocrx_word' id='word_1_232' title='bbox 645 4176 769 4240; x_wconf 87' lang='lat' dir='ltr'>quoque</span> <span class='ocrx_word' id='word_1_233' title='bbox 791 4155 825 4219; x_wconf 95' lang='lat' dir='ltr'>in</span> <span class='ocrx_word' id='word_1_234' title='bbox 849 4160 939 4240; x_wconf 90' lang='lat' dir='ltr'>parte</span> <span class='ocrx_word' id='word_1_235' title='bbox 973 4157 1100 4218; x_wconf 83' lang='lat' dir='ltr'>exuant.</span> <span class='ocrx_word' id='word_1_236' title='bbox 1147 4151 1300 4238; x_wconf 90' lang='lat' dir='ltr'>Inprimis</span> <span class='ocrx_word' id='word_1_237' title='bbox 1324 4154 1475 4219; x_wconf 88' lang='lat' dir='ltr'>clamores</span> <span class='ocrx_word' id='word_1_238' title='bbox 1499 4151 1557 4218; x_wconf 91' lang='lat' dir='ltr'>ab·</span> 
     </span>
     <span class='ocr_line' id='line_1_34' title="bbox 346 4257 1552 4344; baseline 0 -22"><span class='ocrx_word' id='word_1_239' title='bbox 346 4263 447 4324; x_wconf 87' lang='lat' dir='ltr'>erunt.</span> <span class='ocrx_word' id='word_1_240' title='bbox 499 4257 565 4342; x_wconf 90' lang='lat' dir='ltr'>Ipsi</span> <span class='ocrx_word' id='word_1_241' title='bbox 588 4258 702 4338; x_wconf 89' lang='lat' dir='ltr'>etiam,</span> <span class='ocrx_word' id='word_1_242' title='bbox 734 4261 810 4344; x_wconf 91' lang='lat' dir='ltr'>quid</span> <span class='ocrx_word' id='word_1_243' title='bbox 843 4260 912 4324; x_wconf 91' lang='lat' dir='ltr'>fieri</span> <span class='ocrx_word' id='word_1_244' title='bbox 936 4259 1061 4337; x_wconf 86' lang='lat' dir='ltr'>deceat,</span> <span class='ocrx_word' id='word_1_245' title='bbox 1096 4259 1262 4344; x_wconf 89' lang='lat' dir='ltr'>imperitos</span> <span class='ocrx_word' id='word_1_246' title='bbox 1286 4261 1429 4324; x_wconf 89' lang='lat' dir='ltr'>docento.</span> <span class='ocrx_word' id='word_1_247' title='bbox 1477 4257 1552 4323; x_wconf 91' lang='lat' dir='ltr'>Non</span> 
     </span>
     <span class='ocr_line' id='line_1_35' title="bbox 345 4364 1553 4451; baseline -0.003 -19"><span class='ocrx_word' id='word_1_248' title='bbox 345 4364 495 4432; x_wconf 80' lang='lat' dir='ltr'>facientes</span> <span class='ocrx_word' id='word_1_249' title='bbox 517 4365 713 4448; x_wconf 82' lang='lat' dir='ltr'>castigauto,</span> <span class='ocrx_word' id='word_1_250' title='bbox 746 4367 907 4451; x_wconf 89' lang='lat' dir='ltr'>improbos</span> <span class='ocrx_word' id='word_1_251' title='bbox 930 4369 962 4429; x_wconf 90' lang='lat' dir='ltr'>et</span> <span class='ocrx_word' id='word_1_252' title='bbox 985 4364 1198 4431; x_wconf 87' lang='lat' dir='ltr'>detractantes</span> <span class='ocrx_word' id='word_1_253' title='bbox 1222 4365 1437 4430; x_wconf 89' lang='lat' dir='ltr'>monitionum</span> <span class='ocrx_word' id='word_1_254' title='bbox 1459 4385 1553 4430; x_wconf 85' lang='lat' dir='ltr'>aoou·</span> 
     </span>
     <span class='ocr_line' id='line_1_36' title="bbox 348 4469 955 4558; baseline 0.007 -24"><span class='ocrx_word' id='word_1_255' title='bbox 348 4473 439 4536; x_wconf 90' lang='lat' dir='ltr'>santo</span> <span class='ocrx_word' id='word_1_256' title='bbox 462 4469 544 4556; x_wconf 88' lang='lat' dir='ltr'>apud</span> <span class='ocrx_word' id='word_1_257' title='bbox 569 4470 715 4558; x_wconf 88' lang='lat' dir='ltr'>praesides</span> <span class='ocrx_word' id='word_1_258' title='bbox 739 4469 955 4538; x_wconf 80' lang='lat' dir='ltr'>Contubernii.</span> 
     </span>
    </p>
   </div>
   <div class='ocr_carea' id='block_1_9' title="bbox 0 0 1756 5320">
    <p class='ocr_par' dir='ltr' id='par_1_9' title="bbox 0 0 1756 5320">
     <span class='ocr_line' id='line_1_37' title="bbox 0 0 1756 5320; baseline 0 0"><span class='ocrx_word' id='word_1_259' title='bbox 0 0 1756 5320; x_wconf 95' lang='lat' dir='ltr'> </span> 
     </span>
    </p>
   </div>
  </div>
 </body>
</html>
