3464 5318
741 171 756 196 Ι

352 455 413 518 162
667 447 709 503 37.
728 446 921 503 Reformation
939 447 989 500 der
1007 446 1090 502 Univ.
1111 447 1233 504 158435.

348 611 541 674 confessione
563 606 777 691 singulorum,
802 605 830 668 si
853 605 908 688 qui
931 627 996 669 non
1020 627 1113 669 omne
1148 607 1231 689 quod
1254 606 1315 690 ipsi
1339 606 1486 670 docerent
1507 607 1556 670 vel

348 716 524 780 docuissent
547 712 718 786 crederent,
741 710 854 773 minati
877 713 953 773 sunt
976 711 1213 794 depositionem.

434 819 553 896 Quibus
575 815 764 879 uniuersitas
790 836 846 898 per
868 815 1067 898 prepositum
1087 817 1256 899 respondet
1278 837 1314 880 ac
1337 837 1394 901 pro
1416 816 1500 880 bona
1523 821 1554 880 et

350 927 497 1008 prompta
519 942 594 1006 erga
616 939 769 1005 personas
791 917 1009 983 uniuersitatis
1041 919 1205 984 voluntate
1227 921 1348 1006 gratias
1371 921 1446 1006 egit.
1494 921 1560 984 Pe·-

348 1028 401 1092 tiit
424 1047 557 1111 quoque,
582 1021 838 1108 qnandoquidem
860 1020 894 1084 in
917 1021 1065 1086 omnibus
1097 1023 1168 1087 aliis
1192 1025 1429 1090 visitationibus
1452 1024 1555 1090 defec-

347 1136 399 1196 tus
421 1131 556 1195 fuissent
585 1125 784 1192 uniuersitati
815 1127 1055 1204 communicati,
1087 1131 1119 1191 et
1141 1129 1201 1212 ipsi
1223 1131 1342 1195 vellent
1365 1151 1442 1214 quos
1466 1153 1554 1214 repe·

348 1239 465 1302 rissent
488 1235 625 1300 delectus
648 1231 849 1298 uniuersitati
872 1233 1113 1296 communicare.
1160 1233 1249 1309 Quod
1273 1234 1347 1298 licet
1372 1237 1476 1319 primo
1499 1259 1555 1301 ne·

350 1341 497 1429 gauerint
520 1344 626 1404 tamen
649 1339 760 1421 postea
783 1339 858 1399 sunt
880 1336 1016 1419 polliciti
1039 1341 1071 1400 et
1094 1338 1313 1421 prestiterunt.

436 1445 522 1512 Nam
545 1449 619 1509 ante
642 1441 764 1505 Thema
788 1443 855 1523 [21.
872 1440 963 1523 Dec]
988 1441 1022 1504 in
1049 1442 1179 1507 ecclesia
1200 1443 1328 1508 Reclori
1350 1444 1475 1510 cosdem
1498 1447 1554 1510 ob·

349 1555 492 1618 tulerunt
509 1548 530 1612 ¹.
576 1547 678 1632 Super
702 1546 816 1630 quibus
832 1551 959 1610 matura
981 1546 1207 1612 deliberatione
1223 1547 1340 1626 babila,
1364 1552 1437 1612 ante
1460 1571 1555 1633 quam

347 1656 583 1722 concluderetur
617 1652 753 1735 aliquid,
785 1651 987 1716 Vniuersitas
1020 1652 1109 1716 misit
1140 1653 1178 1716 ad
1202 1653 1395 1718 Aunaosruu
1419 1652 1550 1718 Buram

346 1767 378 1826 et
400 1761 438 1826 de
460 1782 548 1825 mora
577 1781 610 1822 se
633 1757 799 1822 excusauit
820 1779 952 1821 causans
976 1757 1175 1840 quarundam
1205 1778 1410 1841 personarum
1438 1757 1552 1821 absen-

347 1868 426 1932 tiam
448 1865 603 1951 petiitque
626 1863 666 1926 ad
690 1861 830 1944 ipsarum
855 1861 1028 1926 aduentum
1052 1863 1246 1941 dilationem,
1272 1885 1332 1946 que
1354 1864 1387 1926 et
1410 1862 1454 1925 eis
1476 1883 1550 1926 con·

347 1995 434 2038 cessa
456 1975 512 2036 est.

432 2075 493 2140 Sed
510 2073 620 2137 statim
635 2072 780 2155 sequenti
798 2071 847 2134 die
861 2071 1015 2136 Gauruus
1047 2072 1151 2136 missis
1168 2071 1269 2136 literis
1285 2072 1388 2156 petiit,
1412 2077 1448 2138 ut
1471 2072 1555 2136 infra

344 2180 487 2244 triduum
515 2177 560 2242 eis
593 2176 847 2261 responderetur.
904 2175 994 2239 Alias
1018 2176 1102 2258 ipsos
1134 2181 1264 2260 propter
1287 2177 1441 2261 scriplum
1464 2179 1554 2262 priu-

345 2285 423 2368 cipis
447 2288 634 2368 cogerentur
658 2281 799 2346 defectus
823 2284 991 2364 conceptos
1015 2286 1071 2345 aut
1093 2283 1120 2344 si
1137 2283 1240 2346 mauis
1256 2263 1422 2346 consilium
1445 2283 1482 2346 de
1505 2306 1553 2347 re·

344 2388 509 2452 formando
532 2386 698 2472 gymnasio
723 2386 762 2450 ad
785 2386 889 2470 ipsum
907 2386 1082 2470 principem
1103 2387 1239 2452 mittere.
1285 2387 1352 2462 Quo
1375 2387 1459 2452 facto
1484 2388 1553 2450 vni-

344 2493 489 2557 uersitati
511 2493 613 2556 visum
637 2496 702 2567 est,
738 2494 775 2554 ut
800 2491 862 2575 ipsi
886 2491 1066 2554 visitatores
1091 2496 1122 2554 et
1144 2492 1242 2576 legati
1264 2491 1417 2574 principis
1440 2493 1479 2556 ad
1502 2493 1550 2556 fa-

344 2597 421 2662 ciem
446 2597 663 2660 vniuersitatis
688 2596 870 2659 locarentur
894 2599 926 2658 et
948 2598 1051 2658 rector
1072 2595 1300 2661 Vniuersitatis
1324 2595 1361 2658 dc
1384 2618 1473 2660 mora
1494 2619 1548 2660 ex·

344 2705 467 2765 cusaret
499 2723 629 2766 causans
664 2700 863 2784 quarundam
888 2722 1093 2784 personarum
1117 2699 1311 2776 absentiam,
1343 2700 1547 2764 articulorum

343 2806 536 2890 grauitatem
565 2811 598 2870 ct
621 2806 760 2869 iuratam
785 2805 1033 2882 ordinationem,
1064 2806 1114 2869 cui
1137 2805 1329 2870 ordinationi
1352 2804 1400 2868 illi
1423 2806 1548 2869 articuli

343 2911 433 2974 valde
456 2911 705 2975 aduersareutur.
753 2909 852 2975 Pctiit
868 2931 1000 2992 quoque,
1026 2910 1277 2992 quandoquidem
1296 2909 1422 2973 articuli
1445 2914 1550 2974 essent

344 3015 434 3079 ardui
457 3020 489 3078 et
511 3017 666 3080 succincte
689 3015 869 3099 conscripti,
894 3015 1012 3078 vellent
1027 3017 1227 3080 uniuersitati
1243 3015 1366 3080 cosdem
1383 3015 1549 3113 declarare,

344 3121 427 3203 qnod
450 3123 482 3184 et
505 3119 657 3185 Gaurana
680 3120 849 3204 diligenter
872 3119 955 3183 fecit.

432 3224 510 3290 Post
533 3249 629 3309 qnam
652 3224 952 3309 interpretationem
978 3223 1178 3288 Vniuersitas
1206 3225 1250 3288 cis
1272 3224 1444 3308 respondit,
1468 3223 1553 3306 quod

342 3353 398 3415 per
421 3353 491 3395 cam
524 3330 676 3394 hactenus
709 3351 775 3394 uon
800 3330 943 3404 steterit,
977 3329 1145 3411 quominus
1169 3330 1333 3414 negotium
1357 3329 1552 3411 processerit,

342 3436 395 3500 sed
426 3437 623 3500 solummodo
658 3456 865 3519 personarum
901 3433 1077 3498 absentiam
1108 3433 1202 3497 luisse
1234 3434 1267 3497 in
1291 3456 1402 3509 causa,
1437 3454 1497 3516 que
1520 3437 1552 3496 et

343 3562 441 3622 usque
453 3541 629 3624 impediret,
647 3563 686 3604 ne
699 3540 788 3604 ficret
803 3561 974 3623 processus
992 3539 1243 3622 quandoquidem
1257 3559 1365 3603 omnes
1381 3539 1485 3602 iurata
1500 3557 1552 3600 or-

343 3645 463 3710 dinatio
477 3649 678 3710 concerneret
693 3649 725 3709 et
741 3647 895 3722 absentee,
909 3645 992 3727 quod
1005 3647 1165 3728 presentes
1177 3643 1407 3718 concluderent,
1425 3643 1552 3726 posent

342 3743 476 3814 irritare.
522 3749 649 3813 Peteret
672 3750 802 3832 perinde
819 3749 1031 3826 Vniuersitas,
1053 3754 1091 3814 ut
1113 3750 1264 3813 darentur
1287 3748 1315 3811 ei
1339 3746 1470 3822 indutie,
1495 3747 1551 3808 do-

339 3877 397 3918 ucc
412 3854 556 3918 venirent
573 3853 732 3918 absentes.
780 3853 968 3918 Visitatores
994 3854 1234 3938 responderunt,
1259 3853 1342 3934 qnod
1358 3853 1396 3916 dc
1411 3851 1549 3914 aduentu

340 3959 520 4024 absentium
553 3963 659 4022 essent
683 3959 797 4024 incerti
822 3959 955 4042 ideoque
985 3981 1047 4022 non
1081 3964 1209 4042 possent
1231 3957 1292 4022 nisi
1317 3961 1438 4022 certum
1461 3955 1550 4018 illum

341 4064 511 4127 terminum
542 4064 729 4140 concedere,
759 4064 881 4128 scilicet
913 4064 1073 4140 triduum,
1107 4063 1140 4126 in
1173 4084 1234 4145 quo
1266 4061 1411 4126 dominus
1443 4059 1553 4124 doctor

344 4237 548 4246 uma-⁴

411 4328 423 4380 l
444 4326 523 4380 Diose
542 4327 652 4381 Artikcl
673 4343 769 4382 waren
787 4323 968 4394 gleiclrzeitig
985 4323 1049 4378 dem
1067 4322 1176 4393 Herzog
1195 4321 1372 4392 iibergcbon,
1400 4321 1449 4375 dcr
1468 4317 1551 4374 unter

340 4414 404 4467 dcm
423 4417 463 4468 22.
485 4415 547 4468 Dec.
567 4415 625 4469 sein
646 4413 895 4468 Einvcrstdndniss
915 4430 951 4466 an
971 4413 1069 4466 Blarcr
1087 4411 1203 4466 erklart.
1240 4410 1346 4465 Sattlcr
1360 4410 1439 4464 Ilara.
1453 4411 1481 4478 ll,
1502 4410 1552 4464 136

339 4502 365 4556 d.
386 4501 454 4556 Bcil.
