3462 5320
519 457 562 510 41.
581 455 713 510 Statuten
732 456 758 510 d.
777 455 810 509 U.
829 473 885 511 von
904 456 979 512 15³⁷.
1281 457 1343 522 211

146 613 293 678 ueniente
316 615 445 679 multa
467 636 526 699 pro
540 615 586 680 rei
602 618 724 678 natura.
770 612 856 689 Qui¹
880 614 981 679 sicubi
996 615 1030 679 in
1046 613 1179 698 legibus,
1205 616 1345 695 statutis,

148 719 336 798 interdictis,
360 721 461 786 multa
483 741 615 806 poenaue
637 741 782 803 expressa
796 741 860 784 non
876 721 1010 806 legatur,
1034 719 1194 784 sciendum
1211 721 1347 786 arbitra·

149 823 230 888 riam
254 823 343 888 illurn
364 825 505 889 futuram
528 825 626 909 accipi
651 825 771 889 debere.

240 925 356 992 Rector
385 928 481 992 etiam
515 951 554 994 ne
586 949 658 992 cum
687 927 897 991 diminutione
928 928 1077 994 doctrinae
1107 929 1243 1014 publicae
1269 951 1350 1014 saepe

152 1029 326 1097 Consilium
348 1037 478 1118 cogatur
501 1033 687 1119 prouidetc,
715 1053 817 1116 neque
839 1030 905 1096 ullo
928 1032 1079 1116 priuatim
1101 1035 1230 1117 petente
1253 1031 1350 1098 Sena-

152 1142 222 1200 tum
246 1134 369 1215 lrabeat,
393 1138 457 1202 uisi
480 1137 538 1201 tali
561 1137 599 1202 de
621 1158 733 1212 causa,
766 1157 863 1219 quem
883 1134 1041 1200 Decani
1064 1141 1265 1221 quatuor,
1297 1143 1353 1203 cut

155 1241 208 1324 qui
232 1241 372 1325 ipsorum
401 1241 483 1306 vices
505 1245 636 1326 gerent,
670 1240 785 1324 quibus
806 1243 959 1325 praeterea
980 1240 1060 1306 Jurs
1089 1241 1251 1308 consultus
1272 1262 1354 1307 unus

155 1345 313 1428 professor
335 1346 477 1424 accedat,
510 1344 765 1429 approbauerint.
820 1342 910 1419 Quod
941 1344 968 1408 ei
999 1349 1091 1410 tanta
1111 1368 1176 1411 non
1199 1346 1354 1426 uideatur,

156 1472 252 1535 quare
275 1451 414 1515 uniuersi
436 1454 659 1527 conuocentur,
684 1450 747 1535 ipsi
768 1448 931 1526 decidant,
955 1454 1011 1514 aut
1033 1471 1100 1514 rem
1123 1451 1252 1517 eadent
1275 1452 1357 1518 Rec-

157 1555 313 1620 turicum
337 1556 523 1640 consiliarijs
547 1555 796 1640 cognoscendam
813 1559 845 1619 et
860 1554 1078 1620 definiendam.
1124 1555 1163 1620 In
1186 1557 1245 1621 hac
1266 1562 1357 1642 parte

159 1661 392 1744 delinquentem
427 1661 461 1724 in
498 1660 666 1726 Rectorem
697 1659 923 1724 Vniuersitstis
958 1660 1091 1725 arbitrio
1126 1661 1358 1726 animaduersio

159 1766 310 1850 permissa
334 1769 410 1830 esto.

369 1939 426 2004 De
448 1938 768 2004 Jurisdiotione
789 1939 990 2005 Rectoris
1013 1962 1096 2026 cap.
1120 1945 1150 2006 8.

250 2081 366 2146 Rector
389 2103 461 2146 cum
483 2079 690 2150 assessoribus
712 2076 771 2142 Jus
801 2079 882 2143 dicet
909 2099 1080 2163 causasque
1102 2083 1270 2164 cognoscet
1292 2083 1362 2144 stu·

165 2188 331 2267 diosorum,
355 2186 604 2267 delictorumque
625 2184 697 2247 illos
720 2205 848 2248 suorum
864 2205 990 2248 oausam
1005 2183 1106 2247 dicere
1129 2205 1234 2248 coram
1257 2205 1291 2250 se
1313 2184 1364 2248 iu·

165 2293 261 2358 tebit.
307 2291 499 2356 (litabantur
522 2293 627 2355 erstem
652 2288 697 2352 rei
720 2290 759 2353 de
781 2310 869 2353 more
891 2312 910 2353 a
931 2289 1057 2372 publico
1079 2289 1236 2354 ministro.

251 2396 431 2461 Assessores
455 2395 576 2479 petenti
605 2393 733 2458 Rectori
755 2394 866 2458 statim
889 2392 944 2457 ubi
966 2396 1089 2457 erectus
1111 2393 1227 2471 fuerit,
1251 2393 1364 2457 adiuu-

167 2505 285 2586 guntor
307 2501 346 2564 ab
359 2499 575 2565 Vniuersitate
591 2498 706 2582 prioris
729 2497 889 2562 semestris
904 2497 1020 2562 ltector
1042 2502 1075 2562 et
1089 2498 1207 2562 Decani
1231 2501 1366 2582 quatuor

167 2607 408 2691 professionum.

255 2711 379 2777 Horum
401 2710 582 2796 cognitione
604 2729 652 2773 res
674 2712 769 2791 atque
791 2709 1013 2774 controuersiae
1035 2729 1144 2773 omnes
1159 2707 1269 2774 stetim
1286 2708 1368 2773 deci·

170 2819 285 2881 dentur
307 2839 343 2881 ac
365 2817 574 2894 dirimentur,
605 2835 706 2897 neque
728 2813 848 2897 scripta
871 2837 889 2877 u
911 2812 1055 2897 portibus
1079 2814 1282 2899 recipientur,
1306 2813 1369 2877 uisi

170 2925 196 2987 si
224 2923 284 2988 hoe
306 2945 325 2986 a
347 2921 479 2986 Rectore
507 2925 539 2984 et
561 2919 692 2983 consilio
723 2918 983 3002 impetrauerint,
1019 2940 1153 3001 quorum
1183 2917 1316 2982 arbitrio
1339 2921 1372 2982 et

171 3027 410 3113 praescriptione
432 3029 502 3090 tota
523 3024 711 3089 iuditiorum
733 3024 815 3088 ratio
839 3024 1124 3088 administrabitur.

259 3133 442 3197 Assessores
464 3131 498 3195 in
521 3130 689 3212 seutentijs
713 3129 852 3194 dicendis
876 3150 911 3193 ae
937 3127 1144 3212 dijudicandis
1166 3127 1268 3192 causis
1290 3127 1373 3190 iute-

174 3239 324 3323 gritatem
347 3241 380 3302 et
400 3236 494 3300 fidem
516 3239 703 3319 praestanto,
727 3234 815 3297 nulla
839 3255 872 3296 re
895 3233 957 3297 nisi
979 3233 1112 3297 veritate
1135 3237 1310 3308 mouentor,
1334 3253 1375 3296 ne

175 3343 386 3426 protrahunto
409 3341 580 3406 decisiones
603 3361 639 3404 ac
661 3338 885 3416 iudicationes,
922 3359 1001 3402 neue
1024 3337 1201 3422 litigatores
1223 3335 1376 3420 impensis

175 3451 362 3533 aggrauent.
407 3445 440 3511 Si
462 3445 595 3511 feceriut
616 3465 741 3529 paenam
763 3443 940 3507 sustinento
971 3442 1129 3507 arbitratu
1151 3439 1378 3506 Vniuersitstis

177 3554 292 3618 scholae
314 3551 418 3616 buius.

264 3659 295 3723 A
328 3658 461 3722 Rectore
494 3659 526 3720 et
557 3653 774 3718 Assessoribus
810 3654 855 3718 ita
889 3653 1014 3718 demum
1045 3650 1297 3737 prouocatio
1332 3648 1379 3712 ad

179 3763 496 3830 cancellarium
518 3759 744 3825 Vniuersitstis
778 3757 977 3824 Scholastica
1000 3757 1186 3842 recipiatur,
1218 3755 1245 3818 si
1267 3775 1381 3838 procu-

180 3875 267 3934 rator
299 3869 387 3933 illius
419 3868 496 3931 duos
529 3865 664 3930 florenos
698 3865 827 3949 pignori
861 3865 895 3927 iu
924 3864 1013 3927 litem
1036 3863 1119 3945 apud
1141 3859 1306 3925 Rectorem
1329 3857 1381 3920 de-

181 3974 336 4060 posuerit,
369 3979 400 4038 01
431 3972 521 4037 illam
553 3993 627 4035 ase
649 3974 814 4035 executum
844 3970 884 4033 iri
916 3969 1094 4033 sufficiente
1117 3967 1262 4032 cautione
1290 3963 1384 4026 fidem

185 4079 303 4144 fecerit.

270 4183 398 4248 Rectori
429 4183 537 4247 literas
566 4183 739 4266 scriptaue,
771 4181 835 4245 uisi
865 4181 952 4244 iussu
976 4177 1106 4260 Consilij
1138 4174 1257 4261 publici
1280 4172 1387 4258 sigillo
1413 4181 1415 4188 ’

184 4289 306 4356 Scholae
328 4289 502 4353 solenniter
523 4289 693 4374 obsignare
708 4309 772 4351 non
788 4286 872 4350 licet.
908 4282 1086 4364 Conciliarij
1100 4279 1228 4344 Rectori
1241 4282 1386 4364 parente,

187 4448 391 4458 -—--—-—-

261 4522 274 4574 1
295 4519 368 4586 Quae.

329 4621 332 4630 ι
1130 4591 1183 4646 14*
