3460 5314
664 456 779 512 Stututa
798 456 874 512 1538.
1299 456 1363 522 313

171 615 251 682 riam
267 616 367 682 denuo
382 619 620 684 reuocabuntur.
660 616 893 704 Disputationis
909 637 1043 700 praeses,
1066 614 1128 678 nisi
1144 635 1215 678 cum
1231 637 1359 700 respon·

172 720 298 786 dentem
313 722 442 789 deficere
457 723 603 808 uincique
620 723 764 801 senserit,
788 743 828 786 ne
845 719 1077 805 interloquitor.
1122 719 1267 786 Decanus
1291 743 1362 786 0001

171 827 301 911 reliquis
332 829 425 894 huius
452 829 549 894 studii
580 829 749 894 ordinariis
776 819 1009 912 'professoribus
1041 831 1108 890 toto
1141 825 1363 911 disputationis

171 934 313 1015 tempore
334 935 493 1000 assidente
515 938 571 999 001
590 933 723 1000 10011010
746 932 900 998 dimidiati
915 931 1022 997 florini
1044 933 1201 997 soluunto.
1248 929 1365 1015 Dispu-

169 1038 306 1103 tationes
328 1044 446 1106 aestate
469 1041 548 1106 11010
570 1044 659 1106 sexte
680 1039 883 1124 incipiuntur,
908 1037 1021 1122 hyeme
1043 1038 1184 1121 septime.
1242 1034 1367 1120 Singuli

171 1143 227 1226 qui
249 1144 422 1212 medicinae
444 1147 574 1213 nomine
596 1145 747 1210 dederunt
769 1143 918 1222 studiosi,
944 1142 1079 1228 singulis
1102 1141 1368 1227 disputationibus

170 1247 299 1332 aliquod
330 1271 405 1318 0000
438 1250 622 1318 eruditionis
657 1249 814 1335 specimen
848 1247 1018 1313 exhibento
1052 1252 1147 1332 etque
1180 1249 1368 1332 argumenta

172 1357 285 1420 000110
306 1356 547 1442 respondentem
571 1357 772 1442 proferunto,
803 1355 886 1439 quod
908 1355 962 1440 qui
985 1354 1087 1422 facere
1108 1351 1298 1441 neglexerit,
1329 1351 1369 1416 ad

173 1456 329 1526 bonorum
351 1462 536 1546 petitionem
559 1484 598 1528 00
620 1461 806 1528 admittitor.

646 1686 704 1752 De
740 1686 894 1752 feriis.

657 1846 783 1912 Titulus
807 1846 886 1912 IIII.

268 1985 395 2074 Singuli
418 1987 568 2054 Doctores
599 1988 755 2053 ordinarie
786 1988 929 2052 docentes
951 1987 1086 2072 singulis
1115 1988 1224 2053 diebus
1246 1990 1371 2074 publice

175 2091 286 2157 horem
309 2115 404 2158 unam
426 2094 460 2158 in
483 2093 597 2160 00110110
621 2095 748 2159 medicis
771 2094 992 2179 praelegunto,
1024 2091 1158 2176 demptis
1189 2095 1370 2159 0000110-

175 2196 301 2262 nibus
323 2220 366 2263 ac
387 2199 533 2278 feriis,
557 2221 637 2284 quae
659 2221 839 2265 communes
855 2199 919 2263 illis
936 2220 1006 2264 oum
1023 2196 1252 2281 professoribus
1268 2199 1370 2265 Theo-

174 2303 277 2388 logiae
299 2307 402 2369 sunto.
455 2304 663 2370 Vecetionum
694 2327 768 2370 uero
800 2303 993 2368 haeserunt
1021 2309 1172 2388 tempora.
1231 2303 1370 2370 Primo

178 2405 312 2473 Afesto
334 2409 400 2473 diui
422 2409 560 2475 Thomas
592 2411 726 2495 apostoli
759 2431 856 2494 usque
889 2409 927 2472 ad
950 2407 1147 2493 Epiphaniae
1170 2409 1262 2474 diem.
1308 2409 1370 2475 Se-

180 2515 302 2578 cundo
326 2516 376 2579 Ab
397 2515 554 2581 Estornihi
583 2537 681 2598 usque
709 2515 747 2579 ad
777 2514 965 2579 dominicum
994 2511 1167 2578 100οο0011.
1226 2514 1372 2579 Tertio

183 2617 269 2682 adie
285 2617 466 2684 Palmerum
489 2621 522 2685 in
540 2626 686 2686 octauum
709 2620 882 2705 paschatos.
929 2617 1090 2694 Quarto
1113 2616 1271 2706 Auigilie
1292 2641 1370 2704 pen·

178 2727 309 2788 10000100
336 2747 435 2808 usque
465 2727 504 2790 01]
527 2726 695 2791 Trinitatis
726 2726 814 2792 festa.
868 2723 936 2802 Quo
964 2727 1104 2809 tempore
1135 2725 1278 2790 doctores
1301 2747 1372 2789 oum

181 2829 329 2893 studiosis
360 2852 435 2895 rurs
467 2852 503 2896 00
530 2835 653 2896 1000100
677 2832 716 2896 ad
738 2831 883 2896 uisendas
913 2828 1026 2895 herbas
1049 2830 1111 2895 1010
1134 2851 1241 2895 recens
1264 2833 1372 2895 enatus

178 2937 361 2999 001000100
390 2937 530 3020 petupto.
585 2937 792 3013 QuintoA
820 2937 868 3002 die
891 2939 979 3002 sexta
1001 2935 1080 3002 Julii
1109 2958 1208 3020 usque
1230 2937 1269 3000 ad
1290 2935 1373 3001 deoi-

175 3061 264 3103 mum
276 3039 424 3126 Augusti,
447 3040 507 3106 hoe
526 3046 575 3107 est
588 3041 751 3108 Laurentii
773 3043 864 3108 diem.
911 3041 979 3117 Quo
1002 3041 1116 3106 iterum
1132 3045 1273 3124 tempore
1288 3040 1371 3106 Doc-

177 3147 262 3209 tores
284 3165 355 3209 eum
379 3145 526 3212 studiosis
550 3147 588 3212 01]
612 3148 758 3213 uisendos
781 3149 906 3234 plantus
929 3147 1059 3212 floribus
1083 3168 1119 3211 00
1141 3147 1259 3212 0010100
1281 3169 1373 3231 prae·

175 3253 311 3333 guantes
333 3273 407 3316 1010
429 3255 460 3316 01
483 3274 575 3338 agros
597 3253 740 3318 adeunto.
786 3252 914 3318 Sexto
935 3251 1150 3317 AMichselis
1172 3251 1254 3315 festo
1276 3271 1386 3334 usque·

179 3354 219 3419 ad
243 3354 308 3418 diui
332 3354 434 3422 Lucae
464 3357 557 3422 diem.
611 3357 800 3442 Septimo
823 3355 882 3423 His
915 3359 976 3422 duo
1006 3357 1040 3420 in
1067 3357 1201 3442 singulis
1225 3356 1374 3422 nundinis

178 3459 245 3524 dies
261 3460 425 3526 adduntor.
471 3461 575 3540 Festa,
600 3485 678 3547 quse
693 3466 808 3528 uocant
823 3461 965 3548 Collegii,
990 3463 1169 3528 communie
1184 3483 1255 3527 curn
1271 3459 1373 3527 Theo·

177 3564 282 3651 legiae
304 3566 533 3650 professoribus
556 3572 649 3633 erunt
674 3568 739 3633 dies
761 3567 976 3633 conuersionis
999 3567 1065 3632 diui
1087 3567 1195 3647 Pauli,
1229 3565 1374 3652 Gregorii

178 3670 295 3735 summi
318 3671 487 3756 pontificis,
511 3672 671 3739 Ambrosii
694 3673 847 3759 episcopi,
872 3672 1009 3760 Georgii,
1033 3673 1098 3738 diui
1121 3672 1228 3753 Marci,
1252 3671 1373 3737 Visite·

182 3776 279 3841 tionis
291 3777 420 3858 Mariae,
440 3777 675 3864 Assumptionis
687 3779 815 3857 Mariae,
839 3778 1023 3866 Augustini,
1039 3777 1227 3844 Natiuitatis
1244 3776 1372 3855 Mariae,

186 3880 316 3947 Cosmae
338 3887 370 3947 et
384 3882 541 3962 Damieni,
565 3884 706 3964 Martini,
731 3884 927 3964 Cutharinee,
951 3884 1084 3950 Nicolai.
1130 3883 1212 3950 Item
1235 3881 1373 3948 1110010-

184 3987 242 4068 uis,
267 3991 410 4072 quamuis
428 3991 485 4055 1110Ι
498 3990 692 4056 hebdomoda
708 3991 787 4057 01100
806 3991 1025 4057 interciderint
1046 3990 1151 4056 feriae.
1198 3986 1373 4053 Cesssbunt

179 4094 314 4178 denique
346 4096 516 4162 edocendi
545 4120 673 4162 munere
704 4098 742 4162 iis
765 4097 890 4176 diebus,
925 4097 1039 4182 quibus
1063 4096 1101 4160 de
1123 4095 1189 4160 ritu
1210 4093 1373 4179 religionis

180 4202 307 4264 nostrae
329 4198 410 4265 festa
433 4200 466 4264 in
489 4201 618 4266 ecclesia
641 4201 882 4268 celebrabuntur
905 4200 924 4265 ¹.
1024 4223 1026 4228 ’

181 4367 388 4374 -——----

252 4447 266 4500 l
285 4445 348 4501 Von
365 4448 490 4515 eptterer
507 4445 591 4502 Hand
608 4447 646 4501 ist
663 4447 712 4501 der
729 4445 791 4518 ng
808 4446 855 4502 des
874 4445 1015 4518 Augustin
1034 4442 1194 4516 gestrichen
1212 4441 1269 4496 und
1287 4442 1377 4498 Aller-

180 4532 305 4605 heiligen
323 4533 476 4605 eingeffigt.
