<?xml version="1.0" encoding="UTF-8"?>
<!DOCTYPE html PUBLIC "-//W3C//DTD XHTML 1.0 Transitional//EN"
    "http://www.w3.org/TR/xhtml1/DTD/xhtml1-transitional.dtd">
<html xmlns="http://www.w3.org/1999/xhtml" xml:lang="en" lang="en">
 <head>
  <title>
</title>
<meta http-equiv="Content-Type" content="text/html;charset=utf-8" />
  <meta name='ocr-system' content='tesseract 3.04.00' />
  <meta name='ocr-capabilities' content='ocr_page ocr_carea ocr_par ocr_line ocrx_word'/>
</head>
<body>
  <div class='ocr_page' id='page_1' title='image "./urkundenzurgesc00tbgoog_0065.png"; bbox 0 0 3442 5314; ppageno 0'>
   <div class='ocr_carea' id='block_1_1' title="bbox 503 453 1339 524">
    <p class='ocr_par' dir='ltr' id='par_1_1' title="bbox 503 453 1339 524">
     <span class='ocr_line' id='line_1_1' title="bbox 503 453 1339 524; baseline 0 -14"><span class='ocrx_word' id='word_1_1' title='bbox 503 457 529 510; x_wconf 88' lang='lat'><strong>8.</strong></span> <span class='ocrx_word' id='word_1_2' title='bbox 547 454 680 510; x_wconf 83' lang='lat' dir='ltr'><strong>Ststuten</strong></span> <span class='ocrx_word' id='word_1_3' title='bbox 697 470 762 510; x_wconf 88' lang='lat' dir='ltr'><strong>vom</strong></span> <span class='ocrx_word' id='word_1_4' title='bbox 780 455 804 509; x_wconf 89' lang='grc'><strong>9.</strong></span> <span class='ocrx_word' id='word_1_5' title='bbox 823 453 888 510; x_wconf 73' lang='lat' dir='ltr'><strong>ort.</strong></span> <span class='ocrx_word' id='word_1_6' title='bbox 907 454 983 510; x_wconf 75' lang='lat'><strong>147⁷.</strong></span> <span class='ocrx_word' id='word_1_7' title='bbox 1297 459 1339 524; x_wconf 83' lang='lat'><strong>49</strong></span> 
     </span>
    </p>
   </div>
   <div class='ocr_carea' id='block_1_2' title="bbox 138 613 1351 2254">
    <p class='ocr_par' dir='ltr' id='par_1_2' title="bbox 138 613 1342 1016">
     <span class='ocr_line' id='line_1_2' title="bbox 225 613 1340 702; baseline -0.003 -20"><span class='ocrx_word' id='word_1_8' title='bbox 225 615 343 682; x_wconf 78' lang='lat' dir='ltr'><strong>Rector-</strong></span> <span class='ocrx_word' id='word_1_9' title='bbox 364 621 505 701; x_wconf 79' lang='lat' dir='ltr'><strong>pretereo</strong></span> <span class='ocrx_word' id='word_1_10' title='bbox 526 637 583 701; x_wconf 85' lang='lat' dir='ltr'><strong>per</strong></span> <span class='ocrx_word' id='word_1_11' title='bbox 604 637 744 681; x_wconf 88' lang='lat' dir='ltr'><strong>mensem</strong></span> <span class='ocrx_word' id='word_1_12' title='bbox 766 615 947 702; x_wconf 86' lang='lat' dir='ltr'><strong>proximum</strong></span> <span class='ocrx_word' id='word_1_13' title='bbox 971 635 991 678; x_wconf 85' lang='lat' dir='ltr'><strong>c</strong></span> <span class='ocrx_word' id='word_1_14' title='bbox 1012 613 1075 678; x_wconf 87' lang='lat' dir='ltr'><strong>fine</strong></span> <span class='ocrx_word' id='word_1_15' title='bbox 1097 613 1149 678; x_wconf 79' lang='lat' dir='ltr'><strong>sui</strong></span> <span class='ocrx_word' id='word_1_16' title='bbox 1164 617 1340 680; x_wconf 68' lang='lat' dir='ltr'><strong>rectoratus</strong></span> 
     </span>
     <span class='ocr_line' id='line_1_3' title="bbox 138 719 1339 803; baseline 0 -19"><span class='ocrx_word' id='word_1_17' title='bbox 138 743 158 784; x_wconf 84' lang='lat' dir='ltr'><strong>u</strong></span> <span class='ocrx_word' id='word_1_18' title='bbox 179 720 248 786; x_wconf 91' lang='lat' dir='ltr'><strong>loco</strong></span> <span class='ocrx_word' id='word_1_19' title='bbox 271 744 337 787; x_wconf 89' lang='lat' dir='ltr'><strong>non</strong></span> <span class='ocrx_word' id='word_1_20' title='bbox 356 723 490 800; x_wconf 83' lang='lat' dir='ltr'><strong>recedet,</strong></span> <span class='ocrx_word' id='word_1_21' title='bbox 513 721 567 785; x_wconf 90' lang='lat' dir='ltr'><strong>ssd</strong></span> <span class='ocrx_word' id='word_1_22' title='bbox 589 721 706 787; x_wconf 82' lang='lat' dir='ltr'>ibidem</span> <span class='ocrx_word' id='word_1_23' title='bbox 728 721 859 786; x_wconf 83' lang='lat' dir='ltr'><strong>honeste</strong></span> <span class='ocrx_word' id='word_1_24' title='bbox 881 724 913 786; x_wconf 81' lang='lat' dir='ltr'><strong>et</strong></span> <span class='ocrx_word' id='word_1_25' title='bbox 935 719 1041 803; x_wconf 84' lang='lat' dir='ltr'><strong>pelam</strong></span> <span class='ocrx_word' id='word_1_26' title='bbox 1064 723 1252 803; x_wconf 84' lang='lat' dir='ltr'><strong>perseueret,</strong></span> <span class='ocrx_word' id='word_1_27' title='bbox 1275 719 1339 786; x_wconf 90' lang='lat' dir='ltr'><strong>nisi</strong></span> 
     </span>
     <span class='ocr_line' id='line_1_4' title="bbox 138 823 1342 911; baseline 0.001 -22"><span class='ocrx_word' id='word_1_28' title='bbox 138 847 245 891; x_wconf 89' lang='lat' dir='ltr'><strong>secum</strong></span> <span class='ocrx_word' id='word_1_29' title='bbox 268 849 362 911; x_wconf 88' lang='lat' dir='ltr'><strong>super</strong></span> <span class='ocrx_word' id='word_1_30' title='bbox 383 826 543 892; x_wconf 78' lang='lat' dir='ltr'><strong>tulismcdi</strong></span> <span class='ocrx_word' id='word_1_31' title='bbox 564 847 687 892; x_wconf 87' lang='lat' dir='ltr'><strong>recessu</strong></span> <span class='ocrx_word' id='word_1_32' title='bbox 709 825 939 892; x_wconf 71' lang='lat' dir='ltr'><strong>sconsinartis</strong></span> <span class='ocrx_word' id='word_1_33' title='bbox 962 828 994 890; x_wconf 90' lang='lat' dir='ltr'><strong>ct</strong></span> <span class='ocrx_word' id='word_1_34' title='bbox 1015 823 1151 890; x_wconf 85' lang='lat' dir='ltr'><strong>Decanis</strong></span> <span class='ocrx_word' id='word_1_35' title='bbox 1173 823 1271 890; x_wconf 85' lang='lat' dir='ltr'><strong>fuerit</strong></span> <span class='ocrx_word' id='word_1_36' title='bbox 1294 825 1342 890; x_wconf 91' lang='lat' dir='ltr'><strong>di·</strong></span> 
     </span>
     <span class='ocr_line' id='line_1_5' title="bbox 139 929 495 1016; baseline 0.006 -23"><span class='ocrx_word' id='word_1_37' title='bbox 139 935 326 1014; x_wconf 80' lang='lat' dir='ltr'><strong>sponsetum</strong></span> <span class='ocrx_word' id='word_1_38' title='bbox 348 929 495 1016; x_wconf 75' lang='lat' dir='ltr'><strong>gratiose.</strong></span> 
     </span>
    </p>

    <p class='ocr_par' dir='ltr' id='par_1_3' title="bbox 142 1032 1351 2254">
     <span class='ocr_line' id='line_1_6' title="bbox 228 1032 1343 1120; baseline 0.004 -24"><span class='ocrx_word' id='word_1_39' title='bbox 228 1032 311 1098; x_wconf 84' lang='lat' dir='ltr'><strong>Item</strong></span> <span class='ocrx_word' id='word_1_40' title='bbox 331 1035 501 1100; x_wconf 78' lang='lat' dir='ltr'><strong>statuimus</strong></span> <span class='ocrx_word' id='word_1_41' title='bbox 524 1038 556 1100; x_wconf 89' lang='lat' dir='ltr'><strong>et</strong></span> <span class='ocrx_word' id='word_1_42' title='bbox 577 1034 779 1113; x_wconf 78' lang='lat' dir='ltr'>ordinamus,</span> <span class='ocrx_word' id='word_1_43' title='bbox 808 1036 892 1120; x_wconf 90' lang='lat' dir='ltr'><strong>quod</strong></span> <span class='ocrx_word' id='word_1_44' title='bbox 913 1035 1030 1101; x_wconf 86' lang='lat' dir='ltr'><strong>Rector</strong></span> <span class='ocrx_word' id='word_1_45' title='bbox 1051 1057 1089 1101; x_wconf 87' lang='lat' dir='ltr'><strong>ex</strong></span> <span class='ocrx_word' id='word_1_46' title='bbox 1111 1056 1206 1101; x_wconf 79' lang='lat' dir='ltr'><strong>censu</strong></span> <span class='ocrx_word' id='word_1_47' title='bbox 1227 1055 1343 1120; x_wconf 92' lang='lat' dir='ltr'><strong>propo-</strong></span> 
     </span>
     <span class='ocr_line' id='line_1_7' title="bbox 142 1139 1344 1218; baseline 0.003 -16"><span class='ocrx_word' id='word_1_48' title='bbox 142 1159 221 1203; x_wconf 91' lang='lat' dir='ltr'><strong>nens</strong></span> <span class='ocrx_word' id='word_1_49' title='bbox 244 1139 339 1204; x_wconf 84' lang='lat' dir='ltr'><strong>eceb</strong></span> <span class='ocrx_word' id='word_1_50' title='bbox 361 1139 568 1204; x_wconf 75' lang='lat' dir='ltr'><strong>uniuersitste</strong></span> <span class='ocrx_word' id='word_1_51' title='bbox 589 1139 833 1218; x_wconf 77' lang='lat' dir='ltr'><strong>absentare,</strong></span> <span class='ocrx_word' id='word_1_52' title='bbox 860 1162 932 1204; x_wconf 92' lang='lat' dir='ltr'><strong>cum</strong></span> <span class='ocrx_word' id='word_1_53' title='bbox 954 1139 1035 1205; x_wconf 85' lang='lat' dir='ltr'><strong>scitu</strong></span> <span class='ocrx_word' id='word_1_54' title='bbox 1058 1144 1090 1205; x_wconf 86' lang='lat' dir='ltr'><strong>et</strong></span> <span class='ocrx_word' id='word_1_55' title='bbox 1108 1161 1266 1206; x_wconf 86' lang='lat' dir='ltr'><strong>consensu</strong></span> <span class='ocrx_word' id='word_1_56' title='bbox 1289 1141 1344 1206; x_wconf 87' lang='lat' dir='ltr'><strong>do·</strong></span> 
     </span>
     <span class='ocr_line' id='line_1_8' title="bbox 142 1243 1344 1332; baseline 0.002 -24"><span class='ocrx_word' id='word_1_57' title='bbox 142 1244 302 1308; x_wconf 91' lang='lat' dir='ltr'><strong>minorum</strong></span> <span class='ocrx_word' id='word_1_58' title='bbox 324 1244 362 1310; x_wconf 90' lang='lat' dir='ltr'><strong>de</strong></span> <span class='ocrx_word' id='word_1_59' title='bbox 383 1247 502 1310; x_wconf 90' lang='lat' dir='ltr'><strong>secreto</strong></span> <span class='ocrx_word' id='word_1_60' title='bbox 525 1244 657 1310; x_wconf 90' lang='lat' dir='ltr'><strong>consilio</strong></span> <span class='ocrx_word' id='word_1_61' title='bbox 680 1243 721 1327; x_wconf 88' lang='lat' dir='ltr'><strong>(si</strong></span> <span class='ocrx_word' id='word_1_62' title='bbox 750 1245 798 1310; x_wconf 90' lang='lat' dir='ltr'><strong>illi</strong></span> <span class='ocrx_word' id='word_1_63' title='bbox 830 1245 991 1312; x_wconf 85' lang='lat' dir='ltr'><strong>commode</strong></span> <span class='ocrx_word' id='word_1_64' title='bbox 1018 1246 1185 1312; x_wconf 73' lang='lat' dir='ltr'><strong>conuocari</strong></span> <span class='ocrx_word' id='word_1_65' title='bbox 1207 1247 1344 1332; x_wconf 75' lang='lat' dir='ltr'><strong>possint)</strong></span> 
     </span>
     <span class='ocr_line' id='line_1_9' title="bbox 142 1348 1346 1434; baseline 0.001 -22"><span class='ocrx_word' id='word_1_66' title='bbox 142 1348 175 1412; x_wconf 94' lang='lat' dir='ltr'><strong>id</strong></span> <span class='ocrx_word' id='word_1_67' title='bbox 198 1351 368 1433; x_wconf 78' lang='lat' dir='ltr'><strong>attemptet</strong></span> <span class='ocrx_word' id='word_1_68' title='bbox 389 1352 447 1414; x_wconf 84' lang='lat' dir='ltr'><strong>eut</strong></span> <span class='ocrx_word' id='word_1_69' title='bbox 467 1349 507 1414; x_wconf 85' lang='lat' dir='ltr'><strong>ed</strong></span> <span class='ocrx_word' id='word_1_70' title='bbox 530 1349 634 1414; x_wconf 90' lang='lat' dir='ltr'><strong>minus</strong></span> <span class='ocrx_word' id='word_1_71' title='bbox 665 1349 796 1434; x_wconf 87' lang='lat' dir='ltr'><strong>pedellis</strong></span> <span class='ocrx_word' id='word_1_72' title='bbox 824 1355 881 1416; x_wconf 83' lang='lat' dir='ltr'><strong>sut</strong></span> <span class='ocrx_word' id='word_1_73' title='bbox 901 1351 957 1416; x_wconf 80' lang='lat' dir='ltr'><strong>vni</strong></span> <span class='ocrx_word' id='word_1_74' title='bbox 980 1351 1231 1417; x_wconf 80' lang='lat' dir='ltr'><strong>commeritum</strong></span> <span class='ocrx_word' id='word_1_75' title='bbox 1253 1371 1346 1415; x_wconf 89' lang='lat' dir='ltr'><strong>suum</strong></span> 
     </span>
     <span class='ocr_line' id='line_1_10' title="bbox 143 1453 1346 1532; baseline 0.002 -16"><span class='ocrx_word' id='word_1_76' title='bbox 143 1453 294 1532; x_wconf 79' lang='lat' dir='ltr'><strong>insinuet,</strong></span> <span class='ocrx_word' id='word_1_77' title='bbox 318 1459 353 1519; x_wconf 86' lang='lat' dir='ltr'><strong>vt</strong></span> <span class='ocrx_word' id='word_1_78' title='bbox 375 1454 512 1520; x_wconf 88' lang='lat' dir='ltr'><strong>dominis</strong></span> <span class='ocrx_word' id='word_1_79' title='bbox 534 1455 572 1520; x_wconf 90' lang='lat' dir='ltr'><strong>de</strong></span> <span class='ocrx_word' id='word_1_80' title='bbox 593 1458 714 1520; x_wconf 89' lang='lat' dir='ltr'><strong>secreto</strong></span> <span class='ocrx_word' id='word_1_81' title='bbox 735 1453 868 1522; x_wconf 92' lang='lat' dir='ltr'><strong>consilio</strong></span> <span class='ocrx_word' id='word_1_82' title='bbox 898 1459 930 1520; x_wconf 90' lang='lat' dir='ltr'><strong>ct</strong></span> <span class='ocrx_word' id='word_1_83' title='bbox 951 1455 1135 1522; x_wconf 78' lang='lat' dir='ltr'><strong>vicerectcri</strong></span> <span class='ocrx_word' id='word_1_84' title='bbox 1158 1455 1196 1522; x_wconf 87' lang='lat' dir='ltr'><strong>dc</strong></span> <span class='ocrx_word' id='word_1_85' title='bbox 1218 1455 1267 1520; x_wconf 89' lang='lat' dir='ltr'><strong>sui</strong></span> <span class='ocrx_word' id='word_1_86' title='bbox 1289 1455 1346 1520; x_wconf 81' lang='lat' dir='ltr'><strong>sb-</strong></span> 
     </span>
     <span class='ocr_line' id='line_1_11' title="bbox 144 1558 1346 1647; baseline 0.001 -23"><span class='ocrx_word' id='word_1_87' title='bbox 144 1559 247 1624; x_wconf 85' lang='lat' dir='ltr'><strong>sentis</strong></span> <span class='ocrx_word' id='word_1_88' title='bbox 274 1558 392 1624; x_wconf 84' lang='lat' dir='ltr'><strong>festina</strong></span> <span class='ocrx_word' id='word_1_89' title='bbox 420 1559 533 1624; x_wconf 78' lang='lat' dir='ltr'><strong>relatio</strong></span> <span class='ocrx_word' id='word_1_90' title='bbox 564 1559 630 1624; x_wconf 84' lang='lat' dir='ltr'><strong>fist.</strong></span> <span class='ocrx_word' id='word_1_91' title='bbox 676 1559 765 1626; x_wconf 80' lang='lat' dir='ltr'><strong>Tunc</strong></span> <span class='ocrx_word' id='word_1_92' title='bbox 789 1561 874 1626; x_wconf 90' lang='lat' dir='ltr'><strong>enim</strong></span> <span class='ocrx_word' id='word_1_93' title='bbox 896 1560 1013 1628; x_wconf 82' lang='lat' dir='ltr'><strong>Rector</strong></span> <span class='ocrx_word' id='word_1_94' title='bbox 1044 1561 1213 1647; x_wconf 87' lang='lat' dir='ltr'><strong>precedens</strong></span> <span class='ocrx_word' id='word_1_95' title='bbox 1235 1561 1346 1626; x_wconf 89' lang='lat' dir='ltr'><strong>imme-</strong></span> 
     </span>
     <span class='ocr_line' id='line_1_12' title="bbox 145 1663 1349 1752; baseline 0.002 -24"><span class='ocrx_word' id='word_1_96' title='bbox 145 1663 230 1729; x_wconf 81' lang='lat' dir='ltr'><strong>diate</strong></span> <span class='ocrx_word' id='word_1_97' title='bbox 258 1663 299 1748; x_wconf 83' lang='lat' dir='ltr'><strong>(si</strong></span> <span class='ocrx_word' id='word_1_98' title='bbox 329 1685 457 1750; x_wconf 88' lang='lat' dir='ltr'><strong>presens</strong></span> <span class='ocrx_word' id='word_1_99' title='bbox 487 1665 598 1750; x_wconf 73' lang='lat' dir='ltr'><strong>merit)</strong></span> <span class='ocrx_word' id='word_1_100' title='bbox 621 1669 690 1730; x_wconf 83' lang='lat' dir='ltr'><strong>boto</strong></span> <span class='ocrx_word' id='word_1_101' title='bbox 714 1668 855 1752; x_wconf 84' lang='lat' dir='ltr'><strong>tempore</strong></span> <span class='ocrx_word' id='word_1_102' title='bbox 889 1666 1031 1732; x_wconf 77' lang='lat' dir='ltr'><strong>absentie</strong></span> <span class='ocrx_word' id='word_1_103' title='bbox 1051 1665 1195 1732; x_wconf 83' lang='lat' dir='ltr'><strong>Rectoris</strong></span> <span class='ocrx_word' id='word_1_104' title='bbox 1216 1665 1349 1732; x_wconf 90' lang='lat' dir='ltr'><strong>rectorie</strong></span> 
     </span>
     <span class='ocr_line' id='line_1_13' title="bbox 146 1768 1349 1856; baseline 0.003 -24"><span class='ocrx_word' id='word_1_105' title='bbox 146 1789 256 1832; x_wconf 83' lang='lat' dir='ltr'><strong>curum</strong></span> <span class='ocrx_word' id='word_1_106' title='bbox 279 1773 312 1834; x_wconf 86' lang='lat' dir='ltr'><strong>ct</strong></span> <span class='ocrx_word' id='word_1_107' title='bbox 333 1768 474 1834; x_wconf 87' lang='lat' dir='ltr'><strong>officium</strong></span> <span class='ocrx_word' id='word_1_108' title='bbox 496 1774 588 1856; x_wconf 79' lang='lat' dir='ltr'><strong>geret</strong></span> <span class='ocrx_word' id='word_1_109' title='bbox 609 1769 764 1854; x_wconf 85' lang='lat' dir='ltr'><strong>Alioquin</strong></span> <span class='ocrx_word' id='word_1_110' title='bbox 787 1772 903 1836; x_wconf 88' lang='lat' dir='ltr'><strong>iterum</strong></span> <span class='ocrx_word' id='word_1_111' title='bbox 918 1777 1097 1838; x_wconf 75' lang='lat' dir='ltr'><strong>antecessor</strong></span> <span class='ocrx_word' id='word_1_112' title='bbox 1111 1777 1143 1836; x_wconf 89' lang='lat' dir='ltr'><strong>et</strong></span> <span class='ocrx_word' id='word_1_113' title='bbox 1158 1773 1202 1837; x_wconf 88' lang='lat' dir='ltr'><strong>sic</strong></span> <span class='ocrx_word' id='word_1_114' title='bbox 1217 1771 1349 1838; x_wconf 76' lang='lat' dir='ltr'><strong>ulterius</strong></span> 
     </span>
     <span class='ocr_line' id='line_1_14' title="bbox 146 1874 1349 1961; baseline 0.002 -23"><span class='ocrx_word' id='word_1_115' title='bbox 146 1874 175 1938; x_wconf 90' lang='lat' dir='ltr'><strong>si</strong></span> <span class='ocrx_word' id='word_1_116' title='bbox 197 1874 366 1940; x_wconf 78' lang='lat' dir='ltr'><strong>necessitas</strong></span> <span class='ocrx_word' id='word_1_117' title='bbox 397 1875 537 1961; x_wconf 75' lang='lat' dir='ltr'><strong>exegerit</strong></span> <span class='ocrx_word' id='word_1_118' title='bbox 559 1876 769 1960; x_wconf 87' lang='lat' dir='ltr'><strong>procedendo,</strong></span> <span class='ocrx_word' id='word_1_119' title='bbox 804 1876 903 1942; x_wconf 91' lang='lat' dir='ltr'><strong>donec</strong></span> <span class='ocrx_word' id='word_1_120' title='bbox 935 1877 974 1942; x_wconf 83' lang='lat' dir='ltr'><strong>sd</strong></span> <span class='ocrx_word' id='word_1_121' title='bbox 996 1878 1216 1943; x_wconf 78' lang='lat' dir='ltr'><strong>vicercctorem</strong></span> <span class='ocrx_word' id='word_1_122' title='bbox 1238 1897 1349 1961; x_wconf 88' lang='lat' dir='ltr'><strong>perue-</strong></span> 
     </span>
     <span class='ocr_line' id='line_1_15' title="bbox 147 1977 1351 2065; baseline 0.001 -23"><span class='ocrx_word' id='word_1_123' title='bbox 147 1977 265 2044; x_wconf 73' lang='lat' dir='ltr'><strong>niatur.</strong></span> <span class='ocrx_word' id='word_1_124' title='bbox 322 1977 513 2044; x_wconf 88' lang='lat' dir='ltr'><strong>Huiusmodi</strong></span> <span class='ocrx_word' id='word_1_125' title='bbox 556 1984 663 2046; x_wconf 85' lang='lat' dir='ltr'><strong>sutem</strong></span> <span class='ocrx_word' id='word_1_126' title='bbox 702 1980 919 2065; x_wconf 79' lang='lat' dir='ltr'><strong>dispositionis</strong></span> <span class='ocrx_word' id='word_1_127' title='bbox 950 1981 1187 2046; x_wconf 87' lang='lat' dir='ltr'><strong>substitutionis</strong></span> <span class='ocrx_word' id='word_1_128' title='bbox 1216 1979 1351 2065; x_wconf 89' lang='lat' dir='ltr'><strong>requisi-</strong></span> 
     </span>
     <span class='ocr_line' id='line_1_16' title="bbox 146 2081 1351 2150; baseline -0.001 -2"><span class='ocrx_word' id='word_1_129' title='bbox 146 2083 246 2148; x_wconf 89' lang='lat' dir='ltr'><strong>tionis</strong></span> <span class='ocrx_word' id='word_1_130' title='bbox 279 2083 437 2149; x_wconf 86' lang='lat' dir='ltr'><strong>ordinstic</strong></span> <span class='ocrx_word' id='word_1_131' title='bbox 471 2083 607 2149; x_wconf 91' lang='lat' dir='ltr'><strong>dominis</strong></span> <span class='ocrx_word' id='word_1_132' title='bbox 638 2081 834 2149; x_wconf 82' lang='lat' dir='ltr'><strong>Consiliuriis</strong></span> <span class='ocrx_word' id='word_1_133' title='bbox 865 2088 898 2149; x_wconf 88' lang='lat' dir='ltr'><strong>et</strong></span> <span class='ocrx_word' id='word_1_134' title='bbox 929 2084 1056 2150; x_wconf 84' lang='lat' dir='ltr'><strong>decanis</strong></span> <span class='ocrx_word' id='word_1_135' title='bbox 1086 2083 1275 2150; x_wconf 78' lang='lat' dir='ltr'><strong>facultatum</strong></span> <span class='ocrx_word' id='word_1_136' title='bbox 1307 2083 1351 2147; x_wconf 90' lang='lat' dir='ltr'><strong>sit</strong></span> 
     </span>
     <span class='ocr_line' id='line_1_17' title="bbox 147 2187 356 2254; baseline -0.01 0"><span class='ocrx_word' id='word_1_137' title='bbox 147 2190 316 2254; x_wconf 85' lang='lat' dir='ltr'><strong>commissu</strong></span> <span class='ocrx_word' id='word_1_138' title='bbox 334 2187 356 2252; x_wconf 90' lang='lat'><strong>¹.</strong></span> 
     </span>
    </p>
   </div>
   <div class='ocr_carea' id='block_1_3' title="bbox 322 2432 1179 2520">
    <p class='ocr_par' dir='ltr' id='par_1_4' title="bbox 322 2432 1179 2520">
     <span class='ocr_line' id='line_1_18' title="bbox 322 2432 1179 2520; baseline 0 -22"><span class='ocrx_word' id='word_1_139' title='bbox 322 2432 378 2499; x_wconf 92' lang='lat' dir='ltr'><strong>Dc</strong></span> <span class='ocrx_word' id='word_1_140' title='bbox 400 2432 577 2518; x_wconf 85' lang='lat' dir='ltr'><strong>pecunie</strong></span> <span class='ocrx_word' id='word_1_141' title='bbox 598 2458 618 2500; x_wconf 85' lang='lat' dir='ltr'><strong>c</strong></span> <span class='ocrx_word' id='word_1_142' title='bbox 639 2433 943 2520; x_wconf 87' lang='lat' dir='ltr'><strong>promouendis</strong></span> <span class='ocrx_word' id='word_1_143' title='bbox 965 2433 1179 2520; x_wconf 78' lang='lat' dir='ltr'><strong>exigenda.</strong></span> 
     </span>
    </p>
   </div>
   <div class='ocr_carea' id='block_1_4' title="bbox 108 2607 1357 3217">
    <p class='ocr_par' dir='ltr' id='par_1_5' title="bbox 108 2607 1357 3217">
     <span class='ocr_line' id='line_1_19' title="bbox 238 2607 1353 2694; baseline -0.004 -18"><span class='ocrx_word' id='word_1_144' title='bbox 238 2609 414 2676; x_wconf 76' lang='lat' dir='ltr'><strong>Statuimus</strong></span> <span class='ocrx_word' id='word_1_145' title='bbox 437 2611 469 2673; x_wconf 90' lang='lat' dir='ltr'><strong>ct</strong></span> <span class='ocrx_word' id='word_1_146' title='bbox 490 2608 689 2687; x_wconf 76' lang='lat' dir='ltr'><strong>ordinamus,</strong></span> <span class='ocrx_word' id='word_1_147' title='bbox 721 2609 805 2693; x_wconf 90' lang='lat' dir='ltr'><strong>quod</strong></span> <span class='ocrx_word' id='word_1_148' title='bbox 827 2607 975 2694; x_wconf 74' lang='lat' dir='ltr'><strong>greducti</strong></span> <span class='ocrx_word' id='word_1_149' title='bbox 996 2608 1031 2672; x_wconf 94' lang='lat' dir='ltr'><strong>in</strong></span> <span class='ocrx_word' id='word_1_150' title='bbox 1053 2607 1258 2674; x_wconf 75' lang='lat' dir='ltr'><strong>facultatibus</strong></span> <span class='ocrx_word' id='word_1_151' title='bbox 1280 2627 1353 2672; x_wconf 86' lang='lat' dir='ltr'><strong>mox</strong></span> 
     </span>
     <span class='ocr_line' id='line_1_20' title="bbox 151 2712 1354 2797; baseline -0.006 -15"><span class='ocrx_word' id='word_1_152' title='bbox 151 2719 227 2782; x_wconf 84' lang='lat' dir='ltr'><strong>ente</strong></span> <span class='ocrx_word' id='word_1_153' title='bbox 256 2715 435 2797; x_wconf 79' lang='lat' dir='ltr'><strong>assumptos</strong></span> <span class='ocrx_word' id='word_1_154' title='bbox 473 2712 590 2797; x_wconf 83' lang='lat' dir='ltr'><strong>gredus</strong></span> <span class='ocrx_word' id='word_1_155' title='bbox 624 2713 662 2776; x_wconf 84' lang='lat' dir='ltr'><strong>cd</strong></span> <span class='ocrx_word' id='word_1_156' title='bbox 697 2713 808 2778; x_wconf 86' lang='lat' dir='ltr'><strong>fiscum</strong></span> <span class='ocrx_word' id='word_1_157' title='bbox 839 2712 1054 2778; x_wconf 76' lang='lat' dir='ltr'><strong>uniuersitatis</strong></span> <span class='ocrx_word' id='word_1_158' title='bbox 1087 2712 1354 2779; x_wconf 82' lang='lat' dir='ltr'><strong>contributionem</strong></span> 
     </span>
     <span class='ocr_line' id='line_1_21' title="bbox 108 2815 1353 2901; baseline -0.001 -20"><span class='ocrx_word' id='word_1_159' title='bbox 108 2866 117 2881; x_wconf 92' lang='lat'><strong>.</strong></span> <span class='ocrx_word' id='word_1_160' title='bbox 151 2821 273 2886; x_wconf 76' lang='lat' dir='ltr'><strong>fociant</strong></span> <span class='ocrx_word' id='word_1_161' title='bbox 295 2840 351 2884; x_wconf 88' lang='lat' dir='ltr'><strong>ceu</strong></span> <span class='ocrx_word' id='word_1_162' title='bbox 374 2816 602 2883; x_wconf 76' lang='lat' dir='ltr'><strong>subscribitur:</strong></span> <span class='ocrx_word' id='word_1_163' title='bbox 626 2815 709 2881; x_wconf 85' lang='lat' dir='ltr'><strong>Item</strong></span> <span class='ocrx_word' id='word_1_164' title='bbox 724 2816 919 2883; x_wconf 77' lang='lat' dir='ltr'><strong>baccalaurei</strong></span> <span class='ocrx_word' id='word_1_165' title='bbox 935 2817 1054 2882; x_wconf 86' lang='lat' dir='ltr'><strong>ortium</strong></span> <span class='ocrx_word' id='word_1_166' title='bbox 1069 2819 1215 2901; x_wconf 80' lang='lat' dir='ltr'><strong>quartum</strong></span> <span class='ocrx_word' id='word_1_167' title='bbox 1230 2819 1353 2900; x_wconf 82' lang='lat' dir='ltr'><strong>purtem</strong></span> 
     </span>
     <span class='ocr_line' id='line_1_22' title="bbox 152 2918 1355 2991; baseline -0.002 -1"><span class='ocrx_word' id='word_1_168' title='bbox 152 2924 265 2991; x_wconf 88' lang='lat' dir='ltr'><strong>floreni</strong></span> <span class='ocrx_word' id='word_1_169' title='bbox 286 2921 429 2989; x_wconf 85' lang='lat' dir='ltr'><strong>recensis</strong></span> <span class='ocrx_word' id='word_1_170' title='bbox 453 2920 658 2987; x_wconf 82' lang='lat' dir='ltr'><strong>contribuunt</strong></span> <span class='ocrx_word' id='word_1_171' title='bbox 679 2918 849 2985; x_wconf 84' lang='lat' dir='ltr'><strong>Licentinti</strong></span> <span class='ocrx_word' id='word_1_172' title='bbox 879 2941 954 2984; x_wconf 83' lang='lat' dir='ltr'><strong>vero</strong></span> <span class='ocrx_word' id='word_1_173' title='bbox 981 2920 1014 2984; x_wconf 91' lang='lat' dir='ltr'><strong>in</strong></span> <span class='ocrx_word' id='word_1_174' title='bbox 1038 2921 1160 2986; x_wconf 77' lang='lat' dir='ltr'><strong>cutibus</strong></span> <span class='ocrx_word' id='word_1_175' title='bbox 1183 2925 1215 2986; x_wconf 90' lang='lat' dir='ltr'><strong>ct</strong></span> <span class='ocrx_word' id='word_1_176' title='bbox 1237 2920 1355 2986; x_wconf 76' lang='lat' dir='ltr'><strong>Bocca-</strong></span> 
     </span>
     <span class='ocr_line' id='line_1_23' title="bbox 152 3025 1357 3113; baseline -0.003 -17"><span class='ocrx_word' id='word_1_177' title='bbox 152 3029 254 3096; x_wconf 85' lang='lat' dir='ltr'><strong>lsurei</strong></span> <span class='ocrx_word' id='word_1_178' title='bbox 285 3028 420 3092; x_wconf 79' lang='lat' dir='ltr'><strong>oliorum</strong></span> <span class='ocrx_word' id='word_1_179' title='bbox 453 3026 642 3092; x_wconf 76' lang='lat' dir='ltr'><strong>facultatum</strong></span> <span class='ocrx_word' id='word_1_180' title='bbox 664 3025 781 3103; x_wconf 85' lang='lat' dir='ltr'><strong>trium,</strong></span> <span class='ocrx_word' id='word_1_181' title='bbox 819 3025 965 3091; x_wconf 85' lang='lat' dir='ltr'><strong>videlicet</strong></span> <span class='ocrx_word' id='word_1_182' title='bbox 994 3027 1155 3113; x_wconf 80' lang='lat' dir='ltr'><strong>theologie</strong></span> <span class='ocrx_word' id='word_1_183' title='bbox 1185 3027 1302 3092; x_wconf 89' lang='lat' dir='ltr'><strong>iurium</strong></span> <span class='ocrx_word' id='word_1_184' title='bbox 1324 3031 1357 3092; x_wconf 87' lang='lat' dir='ltr'><strong>et</strong></span> 
     </span>
     <span class='ocr_line' id='line_1_24' title="bbox 154 3131 1357 3217; baseline -0.005 -17"><span class='ocrx_word' id='word_1_185' title='bbox 154 3134 309 3200; x_wconf 81' lang='lat' dir='ltr'><strong>medicine</strong></span> <span class='ocrx_word' id='word_1_186' title='bbox 338 3134 477 3199; x_wconf 89' lang='lat' dir='ltr'><strong>medium</strong></span> <span class='ocrx_word' id='word_1_187' title='bbox 498 3132 652 3197; x_wconf 86' lang='lat' dir='ltr'><strong>florenum</strong></span> <span class='ocrx_word' id='word_1_188' title='bbox 676 3131 845 3198; x_wconf 84' lang='lat' dir='ltr'><strong>Licentieti</strong></span> <span class='ocrx_word' id='word_1_189' title='bbox 876 3135 982 3197; x_wconf 83' lang='lat' dir='ltr'><strong>eutem</strong></span> <span class='ocrx_word' id='word_1_190' title='bbox 1008 3132 1137 3196; x_wconf 77' lang='lat' dir='ltr'><strong>illarum</strong></span> <span class='ocrx_word' id='word_1_191' title='bbox 1159 3131 1357 3217; x_wconf 87' lang='lat' dir='ltr'><strong>superiorum</strong></span> 
     </span>
    </p>
   </div>
   <div class='ocr_carea' id='block_1_5' title="bbox 92 3355 1366 4568">
    <p class='ocr_par' dir='ltr' id='par_1_6' title="bbox 156 3355 1360 3524">
     <span class='ocr_line' id='line_1_25' title="bbox 229 3355 1360 3431; baseline -0.01 -7"><span class='ocrx_word' id='word_1_192' title='bbox 229 3371 243 3424; x_wconf 91' lang='lat' dir='ltr'>l</span> <span class='ocrx_word' id='word_1_193' title='bbox 261 3365 342 3421; x_wconf 81' lang='lat' dir='ltr'><strong>Nsch</strong></span> <span class='ocrx_word' id='word_1_194' title='bbox 360 3359 488 3431; x_wconf 78' lang='lat' dir='ltr'><strong>wenigen</strong></span> <span class='ocrx_word' id='word_1_195' title='bbox 506 3359 611 3414; x_wconf 87' lang='lat' dir='ltr'><strong>Jchren</strong></span> <span class='ocrx_word' id='word_1_196' title='bbox 629 3357 714 3414; x_wconf 88' lang='lat' dir='ltr'><strong>schcn</strong></span> <span class='ocrx_word' id='word_1_197' title='bbox 732 3357 806 3412; x_wconf 73' lang='lat' dir='ltr'><strong>tritt</strong></span> <span class='ocrx_word' id='word_1_198' title='bbox 823 3357 869 3413; x_wconf 92' lang='lat' dir='ltr'><strong>die</strong></span> <span class='ocrx_word' id='word_1_199' title='bbox 880 3356 1056 3412; x_wconf 73' lang='lat' dir='ltr'><strong>Universittt</strong></span> <span class='ocrx_word' id='word_1_200' title='bbox 1068 3356 1148 3413; x_wconf 76' lang='lat' dir='ltr'><strong>hiesu</strong></span> <span class='ocrx_word' id='word_1_201' title='bbox 1166 3355 1212 3412; x_wconf 91' lang='lat' dir='ltr'><strong>dic</strong></span> <span class='ocrx_word' id='word_1_202' title='bbox 1228 3355 1360 3427; x_wconf 79' lang='lat' dir='ltr'><strong>fulgendo</strong></span> 
     </span>
     <span class='ocr_line' id='line_1_26' title="bbox 156 3458 368 3524; baseline -0.047 -8"><span class='ocrx_word' id='word_1_203' title='bbox 156 3458 368 3524; x_wconf 83' lang='lat' dir='ltr'><strong>Bestimmung:</strong></span> 
     </span>
    </p>

    <p class='ocr_par' dir='ltr' id='par_1_7' title="bbox 158 3531 1361 3692">
     <span class='ocr_line' id='line_1_27' title="bbox 228 3531 1360 3607; baseline -0.011 -7"><span class='ocrx_word' id='word_1_204' title='bbox 228 3547 310 3600; x_wconf 85' lang='lat' dir='ltr'><strong>Anno</strong></span> <span class='ocrx_word' id='word_1_205' title='bbox 327 3541 361 3595; x_wconf 91' lang='lat' dir='ltr'><strong>D.</strong></span> <span class='ocrx_word' id='word_1_206' title='bbox 382 3539 450 3596; x_wconf 73' lang='lat'>1483</span> <span class='ocrx_word' id='word_1_207' title='bbox 468 3538 513 3592; x_wconf 91' lang='lat' dir='ltr'><strong>die</strong></span> <span class='ocrx_word' id='word_1_208' title='bbox 539 3539 579 3593; x_wconf 84' lang='lat'><strong>13.</strong></span> <span class='ocrx_word' id='word_1_209' title='bbox 599 3538 635 3591; x_wconf 89' lang='lat' dir='ltr'><strong>M.</strong></span> <span class='ocrx_word' id='word_1_210' title='bbox 663 3536 732 3592; x_wconf 76' lang='lat' dir='ltr'><strong>Maii</strong></span> <span class='ocrx_word' id='word_1_211' title='bbox 754 3554 805 3607; x_wconf 90' lang='lat' dir='ltr'><strong>per</strong></span> <span class='ocrx_word' id='word_1_212' title='bbox 829 3535 955 3592; x_wconf 85' lang='lat' dir='ltr'><strong>dominos</strong></span> <span class='ocrx_word' id='word_1_213' title='bbox 973 3531 1195 3589; x_wconf 84' lang='lat' dir='ltr'><strong>Vniuersitatem</strong></span> <span class='ocrx_word' id='word_1_214' title='bbox 1219 3548 1360 3602; x_wconf 89' lang='lat' dir='ltr'><strong>represen-</strong></span> 
     </span>
     <span class='ocr_line' id='line_1_28' title="bbox 158 3620 1361 3692; baseline -0.013 -2"><span class='ocrx_word' id='word_1_215' title='bbox 158 3636 253 3690; x_wconf 79' lang='lat' dir='ltr'><strong>tsntes</strong></span> <span class='ocrx_word' id='word_1_216' title='bbox 265 3627 425 3686; x_wconf 89' lang='lat' dir='ltr'><strong>conclusum</strong></span> <span class='ocrx_word' id='word_1_217' title='bbox 443 3622 1017 3684; x_wconf 76' lang='lat' dir='ltr'><strong>estoccusionecbscntieitectoris</strong></span> <span class='ocrx_word' id='word_1_218' title='bbox 1036 3623 1257 3692; x_wconf 83' lang='lat' dir='ltr'><strong>protemporcvt</strong></span> <span class='ocrx_word' id='word_1_219' title='bbox 1270 3620 1361 3676; x_wconf 77' lang='lat' dir='ltr'><strong>infru:</strong></span> 
     </span>
    </p>

    <p class='ocr_par' dir='ltr' id='par_1_8' title="bbox 92 3706 1365 4225">
     <span class='ocr_line' id='line_1_29' title="bbox 229 3706 1362 3786; baseline -0.01 -14"><span class='ocrx_word' id='word_1_220' title='bbox 229 3716 308 3786; x_wconf 79' lang='lat' dir='ltr'><strong>Quod</strong></span> <span class='ocrx_word' id='word_1_221' title='bbox 319 3715 421 3771; x_wconf 81' lang='lat' dir='ltr'><strong>Rectcr</strong></span> <span class='ocrx_word' id='word_1_222' title='bbox 439 3712 631 3768; x_wconf 75' lang='lat' dir='ltr'><strong>uniuersitatis</strong></span> <span class='ocrx_word' id='word_1_223' title='bbox 649 3731 700 3784; x_wconf 91' lang='lat' dir='ltr'><strong>pro</strong></span> <span class='ocrx_word' id='word_1_224' title='bbox 712 3715 837 3782; x_wconf 87' lang='lat' dir='ltr'><strong>tempore</strong></span> <span class='ocrx_word' id='word_1_225' title='bbox 849 3711 927 3766; x_wconf 83' lang='lat' dir='ltr'><strong>vltrc</strong></span> <span class='ocrx_word' id='word_1_226' title='bbox 940 3709 1055 3765; x_wconf 88' lang='lat' dir='ltr'><strong>biduum</strong></span> <span class='ocrx_word' id='word_1_227' title='bbox 1074 3725 1102 3762; x_wconf 92' lang='lat' dir='ltr'><strong>se</strong></span> <span class='ocrx_word' id='word_1_228' title='bbox 1120 3707 1157 3762; x_wconf 82' lang='lat' dir='ltr'><strong>cb</strong></span> <span class='ocrx_word' id='word_1_229' title='bbox 1176 3706 1362 3762; x_wconf 79' lang='lat' dir='ltr'><strong>uniuersitcte</strong></span> 
     </span>
     <span class='ocr_line' id='line_1_30' title="bbox 158 3795 1362 3864; baseline -0.014 1"><span class='ocrx_word' id='word_1_230' title='bbox 158 3809 308 3864; x_wconf 74' lang='lat' dir='ltr'><strong>absentare</strong></span> <span class='ocrx_word' id='word_1_231' title='bbox 327 3803 422 3860; x_wconf 87' lang='lat' dir='ltr'><strong>volens</strong></span> <span class='ocrx_word' id='word_1_232' title='bbox 440 3800 479 3856; x_wconf 89' lang='lat' dir='ltr'><strong>sic</strong></span> <span class='ocrx_word' id='word_1_233' title='bbox 496 3817 525 3856; x_wconf 89' lang='lat' dir='ltr'><strong>sc</strong></span> <span class='ocrx_word' id='word_1_234' title='bbox 538 3801 707 3856; x_wconf 76' lang='lat' dir='ltr'><strong>absentandi</strong></span> <span class='ocrx_word' id='word_1_235' title='bbox 727 3799 872 3856; x_wconf 84' lang='lat' dir='ltr'><strong>licentium</strong></span> <span class='ocrx_word' id='word_1_236' title='bbox 889 3798 926 3854; x_wconf 83' lang='lat' dir='ltr'><strong>sb</strong></span> <span class='ocrx_word' id='word_1_237' title='bbox 944 3795 1129 3853; x_wconf 77' lang='lat' dir='ltr'><strong>uniuersitste</strong></span> <span class='ocrx_word' id='word_1_238' title='bbox 1148 3795 1275 3851; x_wconf 82' lang='lat' dir='ltr'><strong>obtinect</strong></span> <span class='ocrx_word' id='word_1_239' title='bbox 1294 3795 1362 3864; x_wconf 89' lang='lat' dir='ltr'><strong>(non</strong></span> 
     </span>
     <span class='ocr_line' id='line_1_31' title="bbox 159 3882 1362 3960; baseline -0.013 -8"><span class='ocrx_word' id='word_1_240' title='bbox 159 3900 257 3952; x_wconf 80' lang='lat' dir='ltr'><strong>tomen</strong></span> <span class='ocrx_word' id='word_1_241' title='bbox 274 3892 352 3947; x_wconf 75' lang='lat' dir='ltr'><strong>vltra</strong></span> <span class='ocrx_word' id='word_1_242' title='bbox 370 3893 431 3946; x_wconf 87' lang='lat' dir='ltr'><strong>octo</strong></span> <span class='ocrx_word' id='word_1_243' title='bbox 449 3888 508 3945; x_wconf 88' lang='lat' dir='ltr'><strong>dics</strong></span> <span class='ocrx_word' id='word_1_244' title='bbox 535 3888 713 3960; x_wconf 77' lang='lat' dir='ltr'><strong>duraturam)</strong></span> <span class='ocrx_word' id='word_1_245' title='bbox 741 3889 778 3942; x_wconf 84' lang='lat' dir='ltr'><strong>Et</strong></span> <span class='ocrx_word' id='word_1_246' title='bbox 803 3889 905 3942; x_wconf 87' lang='lat' dir='ltr'><strong>extunc</strong></span> <span class='ocrx_word' id='word_1_247' title='bbox 928 3885 1011 3956; x_wconf 87' lang='lat' dir='ltr'><strong>isipsc</strong></span> <span class='ocrx_word' id='word_1_248' title='bbox 1029 3883 1131 3941; x_wconf 78' lang='lat' dir='ltr'><strong>Rectcr</strong></span> <span class='ocrx_word' id='word_1_249' title='bbox 1157 3883 1214 3938; x_wconf 89' lang='lat' dir='ltr'><strong>suis</strong></span> <span class='ocrx_word' id='word_1_250' title='bbox 1243 3882 1362 3953; x_wconf 79' lang='lat' dir='ltr'><strong>singulis</strong></span> 
     </span>
     <span class='ocr_line' id='line_1_32' title="bbox 159 3970 1364 4048; baseline -0.012 -8"><span class='ocrx_word' id='word_1_251' title='bbox 159 3979 375 4040; x_wconf 89' lang='lat' dir='ltr'><strong>obuentionibus</strong></span> <span class='ocrx_word' id='word_1_252' title='bbox 393 3976 515 4048; x_wconf 73' lang='lat' dir='ltr'><strong>gaudere</strong></span> <span class='ocrx_word' id='word_1_253' title='bbox 532 3975 641 4031; x_wconf 79' lang='lat' dir='ltr'><strong>debeat.</strong></span> <span class='ocrx_word' id='word_1_254' title='bbox 678 3975 711 4030; x_wconf 92' lang='lat' dir='ltr'><strong>In</strong></span> <span class='ocrx_word' id='word_1_255' title='bbox 729 3977 869 4046; x_wconf 77' lang='lat' dir='ltr'><strong>quantum</strong></span> <span class='ocrx_word' id='word_1_256' title='bbox 886 3990 951 4029; x_wconf 87' lang='lat' dir='ltr'><strong>vcro</strong></span> <span class='ocrx_word' id='word_1_257' title='bbox 969 3970 1128 4027; x_wconf 88' lang='lat' dir='ltr'><strong>huiusmodi</strong></span> <span class='ocrx_word' id='word_1_258' title='bbox 1146 3971 1290 4028; x_wconf 80' lang='lat' dir='ltr'><strong>licentium</strong></span> <span class='ocrx_word' id='word_1_259' title='bbox 1307 3987 1364 4026; x_wconf 89' lang='lat' dir='ltr'><strong>non</strong></span> 
     </span>
     <span class='ocr_line' id='line_1_33' title="bbox 92 4059 1365 4133; baseline -0.011 -6"><span class='ocrx_word' id='word_1_260' title='bbox 92 4095 96 4104; x_wconf 93' lang='lat'>·</span> <span class='ocrx_word' id='word_1_261' title='bbox 161 4069 301 4126; x_wconf 87' lang='lat' dir='ltr'><strong>obtineret</strong></span> <span class='ocrx_word' id='word_1_262' title='bbox 317 4065 423 4122; x_wconf 88' lang='lat' dir='ltr'><strong>eisdem</strong></span> <span class='ocrx_word' id='word_1_263' title='bbox 442 4063 499 4118; x_wconf 88' lang='lat' dir='ltr'><strong>suis</strong></span> <span class='ocrx_word' id='word_1_264' title='bbox 518 4062 732 4120; x_wconf 87' lang='lat' dir='ltr'><strong>obuentionibus</strong></span> <span class='ocrx_word' id='word_1_265' title='bbox 751 4063 811 4133; x_wconf 90' lang='lat' dir='ltr'><strong>ipse</strong></span> <span class='ocrx_word' id='word_1_266' title='bbox 822 4061 951 4118; x_wconf 88' lang='lat' dir='ltr'><strong>dominus</strong></span> <span class='ocrx_word' id='word_1_267' title='bbox 962 4060 1063 4116; x_wconf 84' lang='lat' dir='ltr'><strong>Rcctcr</strong></span> <span class='ocrx_word' id='word_1_268' title='bbox 1081 4061 1184 4124; x_wconf 75' lang='lat' dir='ltr'><strong>cureat,</strong></span> <span class='ocrx_word' id='word_1_269' title='bbox 1202 4075 1256 4130; x_wconf 91' lang='lat' dir='ltr'><strong>que</strong></span> <span class='ocrx_word' id='word_1_270' title='bbox 1274 4061 1306 4113; x_wconf 82' lang='lat' dir='ltr'><strong>vt</strong></span> <span class='ocrx_word' id='word_1_271' title='bbox 1326 4059 1365 4113; x_wconf 91' lang='lat' dir='ltr'><strong>sic</strong></span> 
     </span>
     <span class='ocr_line' id='line_1_34' title="bbox 161 4148 821 4225; baseline -0.011 -14"><span class='ocrx_word' id='word_1_272' title='bbox 161 4151 361 4225; x_wconf 80' lang='lat' dir='ltr'><strong>vicemgerenti</strong></span> <span class='ocrx_word' id='word_1_273' title='bbox 379 4150 475 4207; x_wconf 89' lang='lat' dir='ltr'><strong>cedere</strong></span> <span class='ocrx_word' id='word_1_274' title='bbox 492 4149 614 4206; x_wconf 75' lang='lat' dir='ltr'><strong>debeant</strong></span> <span class='ocrx_word' id='word_1_275' title='bbox 632 4167 695 4204; x_wconf 90' lang='lat' dir='ltr'><strong>cum</strong></span> <span class='ocrx_word' id='word_1_276' title='bbox 713 4148 821 4204; x_wconf 87' lang='lat' dir='ltr'><strong>effectu.</strong></span> 
     </span>
    </p>

    <p class='ocr_par' dir='ltr' id='par_1_9' title="bbox 161 4233 1366 4568">
     <span class='ocr_line' id='line_1_35' title="bbox 230 4233 1364 4308; baseline -0.006 -11"><span class='ocrx_word' id='word_1_277' title='bbox 230 4238 410 4297; x_wconf 82' lang='lat' dir='ltr'><strong>Prcscntibus</strong></span> <span class='ocrx_word' id='word_1_278' title='bbox 434 4239 471 4292; x_wconf 86' lang='grc' dir='ltr'><strong>Μ.</strong></span> <span class='ocrx_word' id='word_1_279' title='bbox 489 4238 644 4302; x_wconf 76' lang='lat' dir='ltr'><strong>Misoonuo</strong></span> <span class='ocrx_word' id='word_1_280' title='bbox 674 4237 851 4308; x_wconf 84' lang='lat' dir='ltr'><strong>[Widmenn]</strong></span> <span class='ocrx_word' id='word_1_281' title='bbox 878 4236 996 4292; x_wconf 85' lang='lat' dir='ltr'><strong>Rectorc</strong></span> <span class='ocrx_word' id='word_1_282' title='bbox 1022 4237 1050 4290; x_wconf 87' lang='lat' dir='ltr'><strong>et</strong></span> <span class='ocrx_word' id='word_1_283' title='bbox 1070 4233 1188 4292; x_wconf 84' lang='lat' dir='ltr'><strong>Doctorc</strong></span> <span class='ocrx_word' id='word_1_284' title='bbox 1212 4233 1364 4291; x_wconf 79' lang='lat' dir='ltr'><strong>Onrsnnruo</strong></span> 
     </span>
     <span class='ocr_line' id='line_1_36' title="bbox 161 4311 1366 4395; baseline -0.006 -8"><span class='ocrx_word' id='word_1_285' title='bbox 161 4331 302 4394; x_wconf 76' lang='lat' dir='ltr'><strong>churn,</strong></span> <span class='ocrx_word' id='word_1_286' title='bbox 327 4326 444 4382; x_wconf 79' lang='lat' dir='ltr'><strong>Dccbore</strong></span> <span class='ocrx_word' id='word_1_287' title='bbox 461 4311 503 4380; x_wconf 84' lang='lat' dir='ltr'><strong>Jc.</strong></span> <span class='ocrx_word' id='word_1_288' title='bbox 523 4325 613 4391; x_wconf 76' lang='lat' dir='ltr'><strong>Susis,</strong></span> <span class='ocrx_word' id='word_1_289' title='bbox 632 4325 665 4380; x_wconf 90' lang='lat' dir='ltr'><strong>D.</strong></span> <span class='ocrx_word' id='word_1_290' title='bbox 684 4325 824 4380; x_wconf 75' lang='lat' dir='ltr'><strong>Gsnnrrnr</strong></span> <span class='ocrx_word' id='word_1_291' title='bbox 847 4324 996 4395; x_wconf 61' lang='lat' dir='ltr'><strong>[chabon.</strong></span> <span class='ocrx_word' id='word_1_292' title='bbox 1020 4322 1053 4376; x_wconf 92' lang='lat' dir='ltr'><strong>D.</strong></span> <span class='ocrx_word' id='word_1_293' title='bbox 1072 4321 1200 4378; x_wconf 71' lang='lat' dir='ltr'><strong>Ocnum</strong></span> <span class='ocrx_word' id='word_1_294' title='bbox 1224 4322 1366 4395; x_wconf 69' lang='lat' dir='ltr'><strong>[Vesslerb</strong></span> 
     </span>
     <span class='ocr_line' id='line_1_37' title="bbox 161 4408 1365 4478; baseline -0.007 -3"><span class='ocrx_word' id='word_1_295' title='bbox 161 4421 193 4475; x_wconf 93' lang='lat' dir='ltr'><strong>D.</strong></span> <span class='ocrx_word' id='word_1_296' title='bbox 212 4418 311 4472; x_wconf 76' lang='lat' dir='ltr'><strong>Tironi</strong></span> <span class='ocrx_word' id='word_1_297' title='bbox 339 4415 426 4478; x_wconf 79' lang='lat' dir='ltr'><strong>Doce,</strong></span> <span class='ocrx_word' id='word_1_298' title='bbox 454 4412 572 4470; x_wconf 89' lang='lat' dir='ltr'><strong>Domino</strong></span> <span class='ocrx_word' id='word_1_299' title='bbox 589 4412 747 4469; x_wconf 85' lang='lat' dir='ltr'><strong>Licentiotc</strong></span> <span class='ocrx_word' id='word_1_300' title='bbox 765 4413 895 4477; x_wconf 68' lang='lat' dir='ltr'><strong>Eusori,</strong></span> <span class='ocrx_word' id='word_1_301' title='bbox 913 4411 950 4465; x_wconf 80' lang='lat' dir='ltr'><strong>M.</strong></span> <span class='ocrx_word' id='word_1_302' title='bbox 970 4409 1076 4465; x_wconf 80' lang='lat' dir='ltr'><strong>Vnsrco</strong></span> <span class='ocrx_word' id='word_1_303' title='bbox 1103 4408 1242 4465; x_wconf 72' lang='lat' dir='ltr'><strong>(inmotus</strong></span> <span class='ocrx_word' id='word_1_304' title='bbox 1260 4410 1365 4468; x_wconf 84' lang='lat' dir='ltr'><strong>deceno</strong></span> 
     </span>
     <span class='ocr_line' id='line_1_38' title="bbox 161 4498 1185 4568; baseline -0.006 -6"><span class='ocrx_word' id='word_1_305' title='bbox 161 4507 213 4562; x_wconf 78' lang='lat' dir='ltr'><strong>foc.</strong></span> <span class='ocrx_word' id='word_1_306' title='bbox 232 4503 346 4568; x_wconf 71' lang='lat' dir='ltr'><strong>arcium,</strong></span> <span class='ocrx_word' id='word_1_307' title='bbox 364 4502 402 4556; x_wconf 84' lang='grc' dir='ltr'><strong>Μ.</strong></span> <span class='ocrx_word' id='word_1_308' title='bbox 420 4501 548 4557; x_wconf 71' lang='lat' dir='ltr'><strong>Cortum</strong></span> <span class='ocrx_word' id='word_1_309' title='bbox 565 4501 731 4556; x_wconf 75' lang='lat' dir='ltr'><strong>Punicorum</strong></span> <span class='ocrx_word' id='word_1_310' title='bbox 748 4504 777 4557; x_wconf 81' lang='lat' dir='ltr'><strong>et</strong></span> <span class='ocrx_word' id='word_1_311' title='bbox 795 4501 832 4555; x_wconf 85' lang='grc' dir='ltr'><strong>Μ.</strong></span> <span class='ocrx_word' id='word_1_312' title='bbox 850 4499 990 4556; x_wconf 75' lang='lat' dir='ltr'><strong>Gereonio</strong></span> <span class='ocrx_word' id='word_1_313' title='bbox 1009 4498 1185 4556; x_wconf 77' lang='lat' dir='ltr'><strong>Lmsunsu.</strong></span> 
     </span>
    </p>
   </div>
   <div class='ocr_carea' id='block_1_6' title="bbox 215 4589 1158 4660">
    <p class='ocr_par' dir='ltr' id='par_1_10' title="bbox 215 4589 1158 4660">
     <span class='ocr_line' id='line_1_39' title="bbox 215 4589 1158 4660; baseline -0.006 -8"><span class='ocrx_word' id='word_1_314' title='bbox 215 4611 348 4660; x_wconf 79' lang='lat' dir='ltr'><strong>Urkunden</strong></span> <span class='ocrx_word' id='word_1_315' title='bbox 363 4610 404 4651; x_wconf 84' lang='lat' dir='ltr'><strong>der</strong></span> <span class='ocrx_word' id='word_1_316' title='bbox 418 4609 446 4651; x_wconf 86' lang='lat' dir='ltr'><strong>U.</strong></span> <span class='ocrx_word' id='word_1_317' title='bbox 460 4609 591 4660; x_wconf 63' lang='lat' dir='ltr'><strong>curnem.</strong></span> <span class='ocrx_word' id='word_1_318' title='bbox 1140 4589 1158 4646; x_wconf 79' lang='grc'><strong>4</strong></span> 
     </span>
    </p>
   </div>
   <div class='ocr_carea' id='block_1_7' title="bbox 0 0 1761 5314">
    <p class='ocr_par' dir='ltr' id='par_1_11' title="bbox 0 0 1761 5314">
     <span class='ocr_line' id='line_1_40' title="bbox 0 0 1761 5314; baseline 0 0"><span class='ocrx_word' id='word_1_319' title='bbox 0 0 1761 5314; x_wconf 95' lang='lat' dir='ltr'><strong> </strong></span> 
     </span>
    </p>
   </div>
  </div>
 </body>
</html>
