3464 5318
476 418 518 475 20.
535 417 614 476 Neue
632 415 785 475 Mentior
804 417 853 474 der
872 417 1004 474 Statutcu
1029 419 1102 476 1500.
1323 420 1383 487 105

182 577 315 643 oruouri
337 578 449 646 debeat
470 578 623 664 squalore,
648 581 680 642 3ο
703 577 757 661 qui
786 575 878 642 aliter
911 597 1007 661 quam
1037 576 1226 661 premissum
1258 580 1306 642 est
1328 600 1385 663 per

181 683 285 748 diuini
306 685 406 750 nostri
429 683 597 750 saluatoris
620 681 762 747 membra
790 681 944 747 iurauerit
965 681 1165 746 maledixerit
1186 685 1244 746 aut
1266 682 1382 768 melig-

181 792 277 854 natus
298 790 411 869 luent,
443 789 546 856 tribus
574 788 684 856 diebus
717 791 750 852 et
783 786 930 856 noctibus
960 785 1052 854 modo
1074 786 1230 874 premisso
1252 787 1384 854 carceris

179 897 332 981 angustia
353 895 461 962 veniat
483 894 681 981 affligendus.

601 1069 649 1136 De
672 1090 748 1154 pace
770 1069 959 1136 mandanda.

270 1211 432 1279 Conclusit
454 1211 658 1288 uniuersitas,
690 1211 776 1294 quod
799 1209 903 1294 quiuis
932 1208 1133 1275 vnirrersitati
1156 1209 1384 1294 incorporatus,

181 1317 333 1383 membris
356 1318 495 1383 eiusdem
516 1315 742 1382 altercantibus
765 1337 820 1381 seu
835 1315 913 1379 alias
929 1337 962 1380 se
977 1314 1231 1392 molestantibus,
1254 1314 1308 1378 rbi
1329 1337 1383 1380 ve-

182 1422 362 1489 risimiliter
384 1423 514 1489 verbera
535 1422 624 1506 sequi
639 1421 774 1505 possint,
798 1442 907 1506 pacem
930 1420 1079 1486 mandare
1094 1419 1210 1486 babeat
1226 1421 1263 1504 [f.
1280 1422 1321 1485 53
1337 1421 1381 1504 v].

532 1648 580 1726 De
603 1671 666 1712 non
689 1647 864 1712 accedendo
886 1647 1030 1713 sacrario.

272 1789 354 1854 Item
387 1789 494 1854 nullus
523 1789 744 1854 baccalaureus
777 1789 843 1852 siue
879 1789 1007 1853 scolaris
1046 1789 1095 1854 die
1131 1788 1213 1854 festa
1244 1793 1385 1875 tempora

184 1917 218 1958 m
231 1893 316 1960 isse
338 1895 372 1959 in
395 1894 490 1960 choro
512 1895 595 1960 circa
617 1895 750 1980 angulos
773 1895 812 1958 ad
835 1893 1010 1961 sacristiam
1041 1893 1090 1958 rel
1111 1893 1304 1958 testudinem
1326 1893 1383 1958 du·

187 2001 294 2063 centes
309 2021 374 2064 sese
391 2000 624 2085 quomodolibet
639 2000 721 2066 locet
736 2001 794 2065 sub
811 2022 891 2086 pena
908 2001 1006 2065 trium
1021 2000 1230 2065 denariorum.
1267 1997 1384 2064 Nullus

184 2101 283 2166 etiam
317 2103 529 2188 predictorum
558 2126 624 2170 sese
656 2104 739 2169 circa
771 2105 880 2169 ianuas
912 2104 1000 2170 chori
1034 2104 1153 2169 autin
1186 2104 1281 2169 sedile
1303 2104 1385 2169 circa

182 2206 337 2271 cancellos
360 2212 433 2293 post
463 2209 562 2274 altare
594 2208 773 2294 parochiale
802 2211 852 2275 vel
874 2212 1013 2294 primum
1045 2210 1094 2276 vel
1118 2208 1290 2274 secundum
1311 2208 1383 2292 pul-

181 2311 287 2396 pitum
323 2311 356 2376 in
392 2313 536 2399 ingressu
566 2315 653 2381 chori
685 2337 851 2381 occurrens
873 2316 956 2381 locet
977 2316 1036 2380 sub
1059 2338 1140 2397 pena
1170 2335 1381 2399 preexpressa.

185 2413 306 2480 Verum
335 2417 408 2482 talis
441 2419 523 2484 circa
545 2421 676 2485 tertium
697 2420 873 2505 pulpitum,
907 2420 959 2485 vbi
981 2421 1095 2487 chorus
1118 2442 1229 2486 canere
1251 2440 1383 2483 consue-

185 2520 252 2599 uit,
285 2525 368 2588 stare
391 2527 422 2588 et
445 2547 555 2590 canere
576 2527 740 2612 ymitando
768 2531 875 2591 tamen
898 2531 1027 2592 cantum
1051 2528 1083 2590 et
1106 2523 1309 2590 directionem
1333 2544 1383 2587 re·

185 2627 292 2714 gentis
314 2628 441 2712 poterit.
467 2629 503 2712 [f.
528 2631 570 2694 53
592 2631 636 2714 v].

408 2856 456 2923 De
478 2881 542 2924 non
564 2856 727 2924 liberando
751 2857 893 2922 vinctum
916 2856 1155 2922 incarceratum.

263 2997 344 3074 Quia
359 3002 466 3064 nostre
481 2997 697 3064 uniuersitatis
713 2997 875 3082 supposita
890 3019 941 3062 eos
958 2997 1012 3081 qui
1027 3018 1086 3081 pro
1101 2996 1216 3063 delicto
1232 2998 1264 3060 et
1279 3015 1384 3060 exces-

178 3103 267 3168 sibus
284 3104 323 3168 ad
338 3126 493 3170 carcerem
508 3127 564 3190 per
579 3104 738 3169 decretum
753 3102 969 3168 uniuersitatis
992 3101 1122 3166 iudicati
1146 3105 1230 3178 sunt,
1255 3100 1292 3165 de
1314 3122 1381 3164 ma·

180 3208 275 3272 uibus
298 3208 494 3292 pedellorum
516 3229 686 3293 preconum
712 3212 768 3272 aut
789 3207 924 3272 aliorum
941 3207 1122 3271 huiusmodi
1144 3205 1382 3272 incarcerandos

179 3313 361 3380 ducentium
396 3313 516 3398 eripere
544 3317 577 3376 et
606 3333 735 3397 prorsus
763 3311 897 3375 liberare
927 3314 1187 3394 presumpserunt
1209 3313 1264 3374 aut
1287 3309 1383 3375 etiam

183 3416 381 3502 emancipare
398 3418 430 3482 vi
446 3419 483 3482 de
498 3439 628 3495 carcere,
648 3417 683 3480 in
699 3438 761 3500 quo
777 3416 894 3482 recludi
909 3417 1010 3481 solent
1026 3416 1077 3481 vel
1091 3416 1155 3480 iam
1169 3414 1284 3480 inclusi
1298 3418 1382 3494 sunt,

179 3526 277 3605 etque
297 3543 390 3588 suum
411 3524 606 3608 propositum
630 3526 662 3588 et
684 3522 846 3586 intentum
868 3522 1022 3586 efficatius
1039 3520 1270 3599 nanciscantur,
1293 3543 1382 3588 reeu-

180 3631 293 3692 sarunt
315 3627 454 3692 bursalia
476 3629 627 3694 exercicia
658 3630 801 3694 stactus
833 3627 1012 3692 scolasticos
1043 3625 1136 3692 solito
1166 3649 1253 3692 more
1275 3629 1383 3694 audire

180 3753 246 3796 non
260 3731 329 3797 sine
351 3733 485 3816 quadam
507 3734 741 3819 conspiratione
761 3736 820 3798 etc.
866 3731 927 3796 Sed
950 3733 1025 3816 quia
1051 3753 1101 3796 res
1123 3732 1194 3816 ipsa
1216 3732 1332 3816 aliqua,
1355 3732 1382 3796 si

49 3901 60 3926 ⁸
181 3857 245 3900 non
268 3839 467 3920 opponatur,
489 3837 608 3902 maiora
629 3836 829 3902 incommoda
859 3835 991 3922 gignere
1013 3838 1134 3920 posset,
1167 3836 1278 3902 iccirco
1299 3837 1383 3914 alma

179 3941 290 4004 nostra
322 3941 513 4006 uniuersitas
544 3942 751 4007 inhibendum
781 3963 842 4026 per
871 3945 1032 4026 presentes
1061 3941 1153 4006 duxit
1182 3944 1214 4006 et
1236 3940 1384 4026 probibet

180 4044 239 4109 sub
270 4045 396 4131 prestiti
427 4046 597 4111 iuramenti
630 4047 735 4112 debito
767 4051 799 4110 et
829 4067 911 4129 pena
941 4045 1129 4112 exclusionis
1159 4050 1310 4131 perpetue
1342 4046 1382 4111 ab

181 4151 389 4214 uniuersitate
403 4153 458 4216 aut
470 4152 670 4217 correctionis
685 4151 811 4236 publice
822 4151 985 4237 virgarum
996 4150 1128 4216 duorum
1140 4151 1298 4216 seniorum
1311 4151 1383 4217 huie

182 4254 410 4320 machinationi
429 4257 686 4322 interessentium
703 4279 760 4342 pro
776 4258 927 4342 tempore,
951 4277 992 4320 ne
1006 4255 1185 4321 huiusmodi
1207 4257 1383 4323 temerariis

178 4359 323 4441 ausibus,
360 4365 396 4428 rt
422 4361 638 4446 premittitur,
677 4363 844 4448 quisquam
874 4385 908 4428 se
939 4362 1104 4428 inmisceat
1134 4362 1301 4430 consilium
1332 4364 1382 4429 rel

179 4466 334 4538 auxilium
357 4467 527 4554 prestando
550 4469 587 4553 [f.
613 4469 679 4553 54].
