<?xml version="1.0" encoding="UTF-8"?>
<!DOCTYPE html PUBLIC "-//W3C//DTD XHTML 1.0 Transitional//EN"
    "http://www.w3.org/TR/xhtml1/DTD/xhtml1-transitional.dtd">
<html xmlns="http://www.w3.org/1999/xhtml" xml:lang="en" lang="en">
 <head>
  <title>
</title>
<meta http-equiv="Content-Type" content="text/html;charset=utf-8" />
  <meta name='ocr-system' content='tesseract 3.04.00' />
  <meta name='ocr-capabilities' content='ocr_page ocr_carea ocr_par ocr_line ocrx_word'/>
</head>
<body>
  <div class='ocr_page' id='page_1' title='image "./urkundenzurgesc00tbgoog_0413.png"; bbox 0 0 3504 5322; ppageno 0'>
   <div class='ocr_carea' id='block_1_1' title="bbox 709 473 1407 542">
    <p class='ocr_par' dir='ltr' id='par_1_1' title="bbox 709 473 1407 542">
     <span class='ocr_line' id='line_1_1' title="bbox 709 473 1407 542; baseline 0.004 -16"><span class='ocrx_word' id='word_1_1' title='bbox 709 473 824 528; x_wconf 78' lang='lat' dir='ltr'>statuta</span> <span class='ocrx_word' id='word_1_2' title='bbox 843 474 918 529; x_wconf 84' lang='lat'><strong>1536.</strong></span> <span class='ocrx_word' id='word_1_3' title='bbox 1345 477 1407 542; x_wconf 86' lang='lat'>399</span> 
     </span>
    </p>
   </div>
   <div class='ocr_carea' id='block_1_2' title="bbox 209 632 1415 1141">
    <p class='ocr_par' dir='ltr' id='par_1_2' title="bbox 209 632 1415 1141">
     <span class='ocr_line' id='line_1_2' title="bbox 301 632 1408 717; baseline 0 -19"><span class='ocrx_word' id='word_1_4' title='bbox 301 633 392 698; x_wconf 90' lang='lat' dir='ltr'>Velle</span> <span class='ocrx_word' id='word_1_5' title='bbox 408 636 440 697; x_wconf 89' lang='lat' dir='ltr'>et</span> <span class='ocrx_word' id='word_1_6' title='bbox 455 632 488 696; x_wconf 88' lang='lat' dir='ltr'>in</span> <span class='ocrx_word' id='word_1_7' title='bbox 504 636 664 716; x_wconf 89' lang='lat' dir='ltr'>posterum</span> <span class='ocrx_word' id='word_1_8' title='bbox 683 634 891 700; x_wconf 84' lang='lat' dir='ltr'>obedientiam</span> <span class='ocrx_word' id='word_1_9' title='bbox 910 636 941 697; x_wconf 92' lang='lat' dir='ltr'>et</span> <span class='ocrx_word' id='word_1_10' title='bbox 957 633 1189 698; x_wconf 89' lang='lat' dir='ltr'>uenerationem</span> <span class='ocrx_word' id='word_1_11' title='bbox 1205 655 1238 698; x_wconf 86' lang='lat' dir='ltr'>se</span> <span class='ocrx_word' id='word_1_12' title='bbox 1260 640 1408 717; x_wconf 67' lang='lat' dir='ltr'>praestare</span> 
     </span>
     <span class='ocr_line' id='line_1_3' title="bbox 212 737 1405 818; baseline 0 -14"><span class='ocrx_word' id='word_1_13' title='bbox 212 739 341 805; x_wconf 84' lang='lat' dir='ltr'>Rectori</span> <span class='ocrx_word' id='word_1_14' title='bbox 358 739 453 804; x_wconf 87' lang='lat' dir='ltr'>Vuiu.</span> <span class='ocrx_word' id='word_1_15' title='bbox 478 740 594 804; x_wconf 76' lang='lat' dir='ltr'>scholae</span> <span class='ocrx_word' id='word_1_16' title='bbox 617 740 722 818; x_wconf 88' lang='lat' dir='ltr'>huius,</span> <span class='ocrx_word' id='word_1_17' title='bbox 746 739 882 804; x_wconf 92' lang='lat' dir='ltr'>Domino</span> <span class='ocrx_word' id='word_1_18' title='bbox 898 737 1100 816; x_wconf 80' lang='lat' dir='ltr'>Cancellario,</span> <span class='ocrx_word' id='word_1_19' title='bbox 1125 737 1249 804; x_wconf 88' lang='lat' dir='ltr'>Decano</span> <span class='ocrx_word' id='word_1_20' title='bbox 1272 763 1308 804; x_wconf 85' lang='lat' dir='ltr'>ac</span> <span class='ocrx_word' id='word_1_21' title='bbox 1323 741 1405 806; x_wconf 75' lang='lat' dir='ltr'>(lon-</span> 
     </span>
     <span class='ocr_line' id='line_1_4' title="bbox 209 845 1405 930; baseline 0.004 -24"><span class='ocrx_word' id='word_1_22' title='bbox 209 845 280 908; x_wconf 90' lang='lat' dir='ltr'>silio</span> <span class='ocrx_word' id='word_1_23' title='bbox 303 845 400 910; x_wconf 86' lang='lat' dir='ltr'>studii</span> <span class='ocrx_word' id='word_1_24' title='bbox 422 846 561 924; x_wconf 86' lang='lat' dir='ltr'>artium,</span> <span class='ocrx_word' id='word_1_25' title='bbox 596 845 720 910; x_wconf 90' lang='lat' dir='ltr'>nullum</span> <span class='ocrx_word' id='word_1_26' title='bbox 743 845 921 930; x_wconf 82' lang='lat' dir='ltr'>legitimum</span> <span class='ocrx_word' id='word_1_27' title='bbox 945 845 1116 910; x_wconf 80' lang='lat' dir='ltr'>detrectare</span> <span class='ocrx_word' id='word_1_28' title='bbox 1140 845 1323 930; x_wconf 88' lang='lat' dir='ltr'>imperium,</span> <span class='ocrx_word' id='word_1_29' title='bbox 1348 869 1405 930; x_wconf 91' lang='lat' dir='ltr'>pro</span> 
     </span>
     <span class='ocr_line' id='line_1_5' title="bbox 209 949 1404 1034; baseline 0.002 -22"><span class='ocrx_word' id='word_1_30' title='bbox 209 949 295 1013; x_wconf 90' lang='lat' dir='ltr'>uirili</span> <span class='ocrx_word' id='word_1_31' title='bbox 319 973 376 1014; x_wconf 86' lang='lat' dir='ltr'>sua</span> <span class='ocrx_word' id='word_1_32' title='bbox 398 952 560 1016; x_wconf 88' lang='lat' dir='ltr'>commoda</span> <span class='ocrx_word' id='word_1_33' title='bbox 584 974 655 1016; x_wconf 91' lang='lat' dir='ltr'>cum</span> <span class='ocrx_word' id='word_1_34' title='bbox 676 951 903 1016; x_wconf 88' lang='lat' dir='ltr'>Vniuersitatis</span> <span class='ocrx_word' id='word_1_35' title='bbox 925 951 1019 1016; x_wconf 89' lang='lat' dir='ltr'>huius</span> <span class='ocrx_word' id='word_1_36' title='bbox 1042 950 1171 1027; x_wconf 84' lang='lat' dir='ltr'>scholae,</span> <span class='ocrx_word' id='word_1_37' title='bbox 1203 954 1271 1014; x_wconf 90' lang='lat' dir='ltr'>tum</span> <span class='ocrx_word' id='word_1_38' title='bbox 1295 952 1404 1034; x_wconf 78' lang='lat' dir='ltr'>praeci-</span> 
     </span>
     <span class='ocr_line' id='line_1_6' title="bbox 209 1044 1415 1141; baseline -0.001 -22"><span class='ocrx_word' id='word_1_39' title='bbox 209 1056 298 1140; x_wconf 91' lang='lat' dir='ltr'>cipue</span> <span class='ocrx_word' id='word_1_40' title='bbox 321 1056 418 1120; x_wconf 88' lang='lat' dir='ltr'>studii</span> <span class='ocrx_word' id='word_1_41' title='bbox 442 1056 556 1120; x_wconf 86' lang='lat' dir='ltr'>artium</span> <span class='ocrx_word' id='word_1_42' title='bbox 580 1056 667 1119; x_wconf 92' lang='lat' dir='ltr'>omni</span> <span class='ocrx_word' id='word_1_43' title='bbox 690 1061 830 1140; x_wconf 89' lang='lat' dir='ltr'>tempore</span> <span class='ocrx_word' id='word_1_44' title='bbox 853 1077 976 1141; x_wconf 87' lang='lat' dir='ltr'>angere.</span> <span class='ocrx_word' id='word_1_45' title='bbox 1412 1044 1415 1052; x_wconf 65' lang='grc'>’</span> 
     </span>
    </p>
   </div>
   <div class='ocr_carea' id='block_1_3' title="bbox 239 1229 1372 1315">
    <p class='ocr_par' dir='ltr' id='par_1_3' title="bbox 239 1229 1372 1315">
     <span class='ocr_line' id='line_1_7' title="bbox 239 1229 1372 1315; baseline 0 -21"><span class='ocrx_word' id='word_1_46' title='bbox 239 1229 294 1294; x_wconf 91' lang='lat' dir='ltr'>De</span> <span class='ocrx_word' id='word_1_47' title='bbox 317 1230 572 1315; x_wconf 77' lang='lat' dir='ltr'>sumptibuS,</span> <span class='ocrx_word' id='word_1_48' title='bbox 596 1231 663 1314; x_wconf 93' lang='lat' dir='ltr'>qui</span> <span class='ocrx_word' id='word_1_49' title='bbox 686 1254 704 1294; x_wconf 89' lang='lat' dir='ltr'>a</span> <span class='ocrx_word' id='word_1_50' title='bbox 727 1229 1040 1295; x_wconf 83' lang='lat' dir='ltr'>Communitate</span> <span class='ocrx_word' id='word_1_51' title='bbox 1063 1229 1195 1293; x_wconf 83' lang='lat' dir='ltr'>studii</span> <span class='ocrx_word' id='word_1_52' title='bbox 1218 1232 1372 1294; x_wconf 88' lang='lat' dir='ltr'>artium</span> 
     </span>
    </p>
   </div>
   <div class='ocr_carea' id='block_1_4' title="bbox 643 1333 953 1419">
    <p class='ocr_par' dir='ltr' id='par_1_4' title="bbox 643 1333 953 1419">
     <span class='ocr_line' id='line_1_8' title="bbox 643 1333 953 1419; baseline -0.003 -20"><span class='ocrx_word' id='word_1_53' title='bbox 643 1336 762 1400; x_wconf 85' lang='lat' dir='ltr'>fiunt</span> <span class='ocrx_word' id='word_1_54' title='bbox 784 1333 859 1419; x_wconf 81' lang='lat' dir='ltr'>Cap.</span> <span class='ocrx_word' id='word_1_55' title='bbox 884 1333 953 1399; x_wconf 90' lang='lat' dir='ltr'>XV.</span> 
     </span>
    </p>
   </div>
   <div class='ocr_carea' id='block_1_5' title="bbox 204 1476 1404 4088">
    <p class='ocr_par' dir='ltr' id='par_1_5' title="bbox 209 1476 1403 1966">
     <span class='ocr_line' id='line_1_9' title="bbox 296 1476 1403 1564; baseline 0.004 -26"><span class='ocrx_word' id='word_1_56' title='bbox 296 1476 501 1559; x_wconf 83' lang='lat' dir='ltr'>Inquisitioni</span> <span class='ocrx_word' id='word_1_57' title='bbox 525 1480 619 1559; x_wconf 88' lang='lat' dir='ltr'>atque</span> <span class='ocrx_word' id='word_1_58' title='bbox 642 1476 870 1541; x_wconf 82' lang='lat' dir='ltr'>examinationi</span> <span class='ocrx_word' id='word_1_59' title='bbox 887 1478 1065 1562; x_wconf 84' lang='lat' dir='ltr'>praepositis</span> <span class='ocrx_word' id='word_1_60' title='bbox 1080 1477 1302 1564; x_wconf 78' lang='lat' dir='ltr'>Magistris</span> <span class='ocrx_word' id='word_1_61' title='bbox 1326 1501 1403 1562; x_wconf 88' lang='lat' dir='ltr'>pen-</span> 
     </span>
     <span class='ocr_line' id='line_1_10' title="bbox 209 1579 1402 1669; baseline 0.004 -26"><span class='ocrx_word' id='word_1_62' title='bbox 209 1580 322 1644; x_wconf 87' lang='lat' dir='ltr'>dentur</span> <span class='ocrx_word' id='word_1_63' title='bbox 345 1581 382 1645; x_wconf 89' lang='lat' dir='ltr'>de</span> <span class='ocrx_word' id='word_1_64' title='bbox 405 1581 479 1645; x_wconf 87' lang='lat' dir='ltr'>fisco</span> <span class='ocrx_word' id='word_1_65' title='bbox 503 1579 746 1646; x_wconf 84' lang='lat' dir='ltr'>Communitatis</span> <span class='ocrx_word' id='word_1_66' title='bbox 775 1582 873 1646; x_wconf 88' lang='lat' dir='ltr'>studii</span> <span class='ocrx_word' id='word_1_67' title='bbox 895 1583 1013 1648; x_wconf 87' lang='lat' dir='ltr'>artium</span> <span class='ocrx_word' id='word_1_68' title='bbox 1044 1584 1178 1669; x_wconf 86' lang='lat' dir='ltr'>singulis</span> <span class='ocrx_word' id='word_1_69' title='bbox 1201 1583 1310 1647; x_wconf 88' lang='lat' dir='ltr'>diebus</span> <span class='ocrx_word' id='word_1_70' title='bbox 1332 1605 1402 1648; x_wconf 87' lang='lat' dir='ltr'>cru·</span> 
     </span>
     <span class='ocr_line' id='line_1_11' title="bbox 212 1685 1402 1773; baseline 0.003 -25"><span class='ocrx_word' id='word_1_71' title='bbox 212 1686 286 1750; x_wconf 81' lang='lat' dir='ltr'>cinti</span> <span class='ocrx_word' id='word_1_72' title='bbox 302 1685 376 1764; x_wconf 91' lang='lat' dir='ltr'>Vll,</span> <span class='ocrx_word' id='word_1_73' title='bbox 399 1687 466 1751; x_wconf 92' lang='lat' dir='ltr'>siue</span> <span class='ocrx_word' id='word_1_74' title='bbox 482 1687 674 1751; x_wconf 86' lang='lat' dir='ltr'>baccalaurei</span> <span class='ocrx_word' id='word_1_75' title='bbox 698 1687 763 1752; x_wconf 91' lang='lat' dir='ltr'>siue</span> <span class='ocrx_word' id='word_1_76' title='bbox 786 1687 986 1773; x_wconf 83' lang='lat' dir='ltr'>magistrales</span> <span class='ocrx_word' id='word_1_77' title='bbox 1008 1687 1142 1752; x_wconf 86' lang='lat' dir='ltr'>honores</span> <span class='ocrx_word' id='word_1_78' title='bbox 1166 1692 1324 1772; x_wconf 86' lang='lat' dir='ltr'>petantur.</span> <span class='ocrx_word' id='word_1_79' title='bbox 1364 1689 1402 1752; x_wconf 88' lang='lat' dir='ltr'>In</span> 
     </span>
     <span class='ocr_line' id='line_1_12' title="bbox 209 1791 1402 1877; baseline 0.004 -24"><span class='ocrx_word' id='word_1_80' title='bbox 209 1791 352 1855; x_wconf 85' lang='lat' dir='ltr'>examine</span> <span class='ocrx_word' id='word_1_81' title='bbox 383 1795 489 1855; x_wconf 88' lang='lat' dir='ltr'>tamen</span> <span class='ocrx_word' id='word_1_82' title='bbox 516 1792 642 1875; x_wconf 90' lang='lat' dir='ltr'>publico</span> <span class='ocrx_word' id='word_1_83' title='bbox 672 1793 826 1877; x_wconf 83' lang='lat' dir='ltr'>accipient</span> <span class='ocrx_word' id='word_1_84' title='bbox 855 1793 1029 1860; x_wconf 86' lang='lat' dir='ltr'>mercedem</span> <span class='ocrx_word' id='word_1_85' title='bbox 1052 1794 1256 1859; x_wconf 85' lang='lat' dir='ltr'>constitutam</span> <span class='ocrx_word' id='word_1_86' title='bbox 1279 1817 1298 1858; x_wconf 92' lang='lat' dir='ltr'>a</span> <span class='ocrx_word' id='word_1_87' title='bbox 1320 1793 1402 1858; x_wconf 85' lang='lat' dir='ltr'>Con·</span> 
     </span>
     <span class='ocr_line' id='line_1_13' title="bbox 209 1895 791 1966; baseline 0.003 -7"><span class='ocrx_word' id='word_1_88' title='bbox 209 1896 279 1960; x_wconf 88' lang='lat' dir='ltr'>silio</span> <span class='ocrx_word' id='word_1_89' title='bbox 302 1895 528 1966; x_wconf 86' lang='lat' dir='ltr'>Vniuersitatis</span> <span class='ocrx_word' id='word_1_90' title='bbox 552 1897 667 1962; x_wconf 88' lang='lat' dir='ltr'>soholae</span> <span class='ocrx_word' id='word_1_91' title='bbox 689 1897 791 1962; x_wconf 79' lang='lat' dir='ltr'>huius</span> 
     </span>
    </p>

    <p class='ocr_par' dir='ltr' id='par_1_6' title="bbox 211 2000 1403 2192">
     <span class='ocr_line' id='line_1_14' title="bbox 296 2000 1403 2090; baseline 0.005 -26"><span class='ocrx_word' id='word_1_92' title='bbox 296 2000 455 2066; x_wconf 90' lang='lat' dir='ltr'>Ministris</span> <span class='ocrx_word' id='word_1_93' title='bbox 478 2001 658 2086; x_wconf 86' lang='lat' dir='ltr'>reipublicae</span> <span class='ocrx_word' id='word_1_94' title='bbox 674 2003 848 2088; x_wconf 86' lang='lat' dir='ltr'>oppidanae,</span> <span class='ocrx_word' id='word_1_95' title='bbox 872 2026 944 2070; x_wconf 87' lang='lat' dir='ltr'>enm</span> <span class='ocrx_word' id='word_1_96' title='bbox 968 2029 986 2070; x_wconf 92' lang='lat' dir='ltr'>a</span> <span class='ocrx_word' id='word_1_97' title='bbox 1008 2004 1249 2090; x_wconf 81' lang='lat' dir='ltr'>Magistratibus</span> <span class='ocrx_word' id='word_1_98' title='bbox 1272 2027 1403 2070; x_wconf 86' lang='lat' dir='ltr'>munera</span> 
     </span>
     <span class='ocr_line' id='line_1_15' title="bbox 211 2106 1102 2192; baseline 0.003 -21"><span class='ocrx_word' id='word_1_99' title='bbox 211 2106 301 2171; x_wconf 90' lang='lat' dir='ltr'>nonis</span> <span class='ocrx_word' id='word_1_100' title='bbox 324 2106 488 2192; x_wconf 86' lang='lat' dir='ltr'>Magistris</span> <span class='ocrx_word' id='word_1_101' title='bbox 512 2107 688 2185; x_wconf 85' lang='lat' dir='ltr'>attulerint,</span> <span class='ocrx_word' id='word_1_102' title='bbox 712 2108 872 2173; x_wconf 89' lang='lat' dir='ltr'>dabuntur</span> <span class='ocrx_word' id='word_1_103' title='bbox 894 2111 1025 2176; x_wconf 88' lang='lat' dir='ltr'>cruciati</span> <span class='ocrx_word' id='word_1_104' title='bbox 1047 2109 1102 2175; x_wconf 90' lang='lat' dir='ltr'>XI.</span> 
     </span>
    </p>

    <p class='ocr_par' dir='ltr' id='par_1_7' title="bbox 209 2211 1403 2403">
     <span class='ocr_line' id='line_1_16' title="bbox 295 2211 1403 2302; baseline 0.002 -26"><span class='ocrx_word' id='word_1_105' title='bbox 295 2212 418 2276; x_wconf 84' lang='lat' dir='ltr'>Cocis</span> <span class='ocrx_word' id='word_1_106' title='bbox 443 2213 644 2277; x_wconf 89' lang='lat' dir='ltr'>donabuntur</span> <span class='ocrx_word' id='word_1_107' title='bbox 666 2214 707 2278; x_wconf 95' lang='lat' dir='ltr'>ob</span> <span class='ocrx_word' id='word_1_108' title='bbox 723 2213 891 2297; x_wconf 90' lang='lat' dir='ltr'>prandium</span> <span class='ocrx_word' id='word_1_109' title='bbox 907 2214 1133 2302; x_wconf 86' lang='lat' dir='ltr'>Magistrornm</span> <span class='ocrx_word' id='word_1_110' title='bbox 1156 2214 1285 2278; x_wconf 87' lang='lat' dir='ltr'>cruciati</span> <span class='ocrx_word' id='word_1_111' title='bbox 1300 2211 1339 2292; x_wconf 87' lang='lat' dir='ltr'>X,</span> <span class='ocrx_word' id='word_1_112' title='bbox 1363 2213 1403 2278; x_wconf 93' lang='lat' dir='ltr'>ob</span> 
     </span>
     <span class='ocr_line' id='line_1_17' title="bbox 209 2316 744 2403; baseline 0.006 -23"><span class='ocrx_word' id='word_1_113' title='bbox 209 2318 377 2403; x_wconf 88' lang='lat' dir='ltr'>prandium</span> <span class='ocrx_word' id='word_1_114' title='bbox 401 2316 682 2384; x_wconf 87' lang='lat' dir='ltr'>Bacoalaureorum</span> <span class='ocrx_word' id='word_1_115' title='bbox 705 2319 744 2384; x_wconf 90' lang='lat' dir='ltr'>V.</span> 
     </span>
    </p>

    <p class='ocr_par' dir='ltr' id='par_1_8' title="bbox 206 2420 1404 2801">
     <span class='ocr_line' id='line_1_18' title="bbox 296 2420 1404 2508; baseline 0.001 -24"><span class='ocrx_word' id='word_1_116' title='bbox 296 2420 356 2486; x_wconf 85' lang='lat' dir='ltr'>Sed</span> <span class='ocrx_word' id='word_1_117' title='bbox 386 2423 537 2508; x_wconf 86' lang='lat' dir='ltr'>praecipni</span> <span class='ocrx_word' id='word_1_118' title='bbox 568 2427 712 2506; x_wconf 87' lang='lat' dir='ltr'>sumptus</span> <span class='ocrx_word' id='word_1_119' title='bbox 742 2424 1011 2507; x_wconf 86' lang='lat' dir='ltr'>prandiorum</span> <span class='ocrx_word' id='word_1_120' title='bbox 1042 2428 1134 2489; x_wconf 89' lang='lat' dir='ltr'>erunt</span> <span class='ocrx_word' id='word_1_121' title='bbox 1164 2424 1201 2488; x_wconf 90' lang='lat' dir='ltr'>dc</span> <span class='ocrx_word' id='word_1_122' title='bbox 1223 2422 1336 2506; x_wconf 87' lang='lat' dir='ltr'>quibus</span> <span class='ocrx_word' id='word_1_123' title='bbox 1357 2421 1404 2486; x_wconf 89' lang='lat' dir='ltr'>ita</span> 
     </span>
     <span class='ocr_line' id='line_1_19' title="bbox 207 2525 1403 2594; baseline 0 -4"><span class='ocrx_word' id='word_1_124' title='bbox 207 2525 432 2592; x_wconf 88' lang='lat' dir='ltr'>obseruabitnr.</span> <span class='ocrx_word' id='word_1_125' title='bbox 479 2527 649 2592; x_wconf 87' lang='lat' dir='ltr'>Prandium</span> <span class='ocrx_word' id='word_1_126' title='bbox 666 2527 945 2594; x_wconf 86' lang='lat' dir='ltr'>Baccnlaureorum</span> <span class='ocrx_word' id='word_1_127' title='bbox 962 2530 1137 2594; x_wconf 87' lang='lat' dir='ltr'>instruetur</span> <span class='ocrx_word' id='word_1_128' title='bbox 1152 2532 1301 2592; x_wconf 85' lang='lat' dir='ltr'>consueto</span> <span class='ocrx_word' id='word_1_129' title='bbox 1317 2549 1403 2591; x_wconf 91' lang='lat' dir='ltr'>more</span> 
     </span>
     <span class='ocr_line' id='line_1_20' title="bbox 207 2631 1402 2718; baseline 0 -23"><span class='ocrx_word' id='word_1_130' title='bbox 207 2636 239 2695; x_wconf 90' lang='lat' dir='ltr'>et</span> <span class='ocrx_word' id='word_1_131' title='bbox 269 2633 370 2696; x_wconf 88' lang='lat' dir='ltr'>solitis</span> <span class='ocrx_word' id='word_1_132' title='bbox 402 2634 596 2717; x_wconf 85' lang='lat' dir='ltr'>sumptibue,</span> <span class='ocrx_word' id='word_1_133' title='bbox 631 2633 775 2710; x_wconf 85' lang='lat' dir='ltr'>inuitatis</span> <span class='ocrx_word' id='word_1_134' title='bbox 805 2634 843 2697; x_wconf 90' lang='lat' dir='ltr'>iis</span> <span class='ocrx_word' id='word_1_135' title='bbox 873 2634 927 2718; x_wconf 86' lang='lat' dir='ltr'>qui</span> <span class='ocrx_word' id='word_1_136' title='bbox 958 2633 998 2699; x_wconf 87' lang='lat' dir='ltr'>ab</span> <span class='ocrx_word' id='word_1_137' title='bbox 1027 2633 1157 2717; x_wconf 85' lang='lat' dir='ltr'>antiquo</span> <span class='ocrx_word' id='word_1_138' title='bbox 1188 2632 1319 2697; x_wconf 89' lang='lat' dir='ltr'>inuitari</span> <span class='ocrx_word' id='word_1_139' title='bbox 1349 2631 1402 2696; x_wconf 88' lang='lat' dir='ltr'>de·</span> 
     </span>
     <span class='ocr_line' id='line_1_21' title="bbox 206 2737 335 2801; baseline -0.016 -1"><span class='ocrx_word' id='word_1_140' title='bbox 206 2737 335 2801; x_wconf 88' lang='lat' dir='ltr'>bebunt.</span> 
     </span>
    </p>

    <p class='ocr_par' dir='ltr' id='par_1_9' title="bbox 204 2843 1402 3139">
     <span class='ocr_line' id='line_1_22' title="bbox 293 2843 1401 2930; baseline 0.002 -24"><span class='ocrx_word' id='word_1_141' title='bbox 293 2843 465 2907; x_wconf 87' lang='lat' dir='ltr'>Prandium</span> <span class='ocrx_word' id='word_1_142' title='bbox 495 2866 593 2908; x_wconf 90' lang='lat' dir='ltr'>unum</span> <span class='ocrx_word' id='word_1_143' title='bbox 615 2843 949 2909; x_wconf 82' lang='lat' dir='ltr'>Aristotelicum</span> <span class='ocrx_word' id='word_1_144' title='bbox 972 2845 1094 2924; x_wconf 82' lang='lat' dir='ltr'>dixere,</span> <span class='ocrx_word' id='word_1_145' title='bbox 1125 2843 1208 2928; x_wconf 88' lang='lat' dir='ltr'>quod</span> <span class='ocrx_word' id='word_1_146' title='bbox 1232 2843 1401 2930; x_wconf 78' lang='lat' dir='ltr'>Magistro-</span> 
     </span>
     <span class='ocr_line' id='line_1_23' title="bbox 207 2949 1402 3034; baseline 0.003 -23"><span class='ocrx_word' id='word_1_147' title='bbox 207 2971 277 3012; x_wconf 90' lang='lat' dir='ltr'>rum</span> <span class='ocrx_word' id='word_1_148' title='bbox 300 2949 426 3013; x_wconf 88' lang='lat' dir='ltr'>nomine</span> <span class='ocrx_word' id='word_1_149' title='bbox 448 2951 612 3032; x_wconf 82' lang='lat' dir='ltr'>pendatur.</span> <span class='ocrx_word' id='word_1_150' title='bbox 667 2949 735 3014; x_wconf 90' lang='lat' dir='ltr'>Hoc</span> <span class='ocrx_word' id='word_1_151' title='bbox 766 2973 1031 3034; x_wconf 87' lang='lat' dir='ltr'>superuacaneum</span> <span class='ocrx_word' id='word_1_152' title='bbox 1062 2952 1174 3016; x_wconf 85' lang='lat' dir='ltr'>uisum.</span> <span class='ocrx_word' id='word_1_153' title='bbox 1220 2949 1280 3015; x_wconf 75' lang='lat' dir='ltr'>Sed</span> <span class='ocrx_word' id='word_1_154' title='bbox 1305 2973 1402 3014; x_wconf 90' lang='lat' dir='ltr'>unum</span> 
     </span>
     <span class='ocr_line' id='line_1_24' title="bbox 204 3054 929 3139; baseline 0.004 -21"><span class='ocrx_word' id='word_1_155' title='bbox 204 3054 459 3139; x_wconf 82' lang='lat' dir='ltr'>magistrale</span> <span class='ocrx_word' id='word_1_156' title='bbox 483 3056 651 3138; x_wconf 90' lang='lat' dir='ltr'>prandium</span> <span class='ocrx_word' id='word_1_157' title='bbox 675 3056 720 3120; x_wconf 89' lang='lat' dir='ltr'>ita</span> <span class='ocrx_word' id='word_1_158' title='bbox 742 3056 929 3121; x_wconf 87' lang='lat' dir='ltr'>instruetur.</span> 
     </span>
    </p>

    <p class='ocr_par' dir='ltr' id='par_1_10' title="bbox 205 3157 1402 4088">
     <span class='ocr_line' id='line_1_25' title="bbox 294 3157 1400 3248; baseline 0.001 -26"><span class='ocrx_word' id='word_1_159' title='bbox 294 3157 521 3224; x_wconf 80' lang='lat' dir='ltr'>innitebantur</span> <span class='ocrx_word' id='word_1_160' title='bbox 553 3183 661 3225; x_wconf 84' lang='lat' dir='ltr'>omnes</span> <span class='ocrx_word' id='word_1_161' title='bbox 690 3161 846 3248; x_wconf 84' lang='lat' dir='ltr'>dignitate</span> <span class='ocrx_word' id='word_1_162' title='bbox 875 3167 907 3226; x_wconf 90' lang='lat' dir='ltr'>et</span> <span class='ocrx_word' id='word_1_163' title='bbox 938 3162 1092 3227; x_wconf 92' lang='lat' dir='ltr'>honorum</span> <span class='ocrx_word' id='word_1_164' title='bbox 1121 3160 1299 3247; x_wconf 81' lang='lat' dir='ltr'>insignibus</span> <span class='ocrx_word' id='word_1_165' title='bbox 1324 3159 1400 3225; x_wconf 90' lang='lat' dir='ltr'>clari</span> 
     </span>
     <span class='ocr_line' id='line_1_26' title="bbox 208 3264 1400 3351; baseline -0.001 -23"><span class='ocrx_word' id='word_1_166' title='bbox 208 3265 273 3328; x_wconf 88' lang='lat' dir='ltr'>siue</span> <span class='ocrx_word' id='word_1_167' title='bbox 296 3265 335 3328; x_wconf 90' lang='lat' dir='ltr'>ad</span> <span class='ocrx_word' id='word_1_168' title='bbox 357 3264 604 3330; x_wconf 85' lang='lat' dir='ltr'>Vniuersitatem</span> <span class='ocrx_word' id='word_1_169' title='bbox 628 3267 740 3332; x_wconf 85' lang='lat' dir='ltr'>sobolae</span> <span class='ocrx_word' id='word_1_170' title='bbox 767 3267 859 3332; x_wconf 89' lang='lat' dir='ltr'>huius</span> <span class='ocrx_word' id='word_1_171' title='bbox 882 3269 1078 3351; x_wconf 86' lang='lat' dir='ltr'>pertineant,</span> <span class='ocrx_word' id='word_1_172' title='bbox 1111 3268 1177 3330; x_wconf 91' lang='lat' dir='ltr'>siue</span> <span class='ocrx_word' id='word_1_173' title='bbox 1200 3271 1290 3330; x_wconf 86' lang='lat' dir='ltr'>extra</span> <span class='ocrx_word' id='word_1_174' title='bbox 1313 3264 1400 3328; x_wconf 90' lang='lat' dir='ltr'>illam</span> 
     </span>
     <span class='ocr_line' id='line_1_27' title="bbox 207 3369 1401 3457; baseline 0.001 -25"><span class='ocrx_word' id='word_1_175' title='bbox 207 3369 324 3454; x_wconf 80' lang='lat' dir='ltr'>degant</span> <span class='ocrx_word' id='word_1_176' title='bbox 355 3370 389 3434; x_wconf 92' lang='lat' dir='ltr'>in</span> <span class='ocrx_word' id='word_1_177' title='bbox 420 3372 536 3455; x_wconf 91' lang='lat' dir='ltr'>oppido</span> <span class='ocrx_word' id='word_1_178' title='bbox 559 3371 626 3436; x_wconf 89' lang='lat' dir='ltr'>hoc.</span> <span class='ocrx_word' id='word_1_179' title='bbox 673 3371 901 3436; x_wconf 87' lang='lat' dir='ltr'>Innitabuntur</span> <span class='ocrx_word' id='word_1_180' title='bbox 930 3376 961 3435; x_wconf 90' lang='lat' dir='ltr'>et</span> <span class='ocrx_word' id='word_1_181' title='bbox 984 3371 1076 3436; x_wconf 85' lang='lat' dir='ltr'>ambo</span> <span class='ocrx_word' id='word_1_182' title='bbox 1106 3371 1245 3457; x_wconf 83' lang='lat' dir='ltr'>praefecti</span> <span class='ocrx_word' id='word_1_183' title='bbox 1268 3370 1401 3448; x_wconf 81' lang='lat' dir='ltr'>ducales,</span> 
     </span>
     <span class='ocr_line' id='line_1_28' title="bbox 207 3475 1400 3562; baseline 0.001 -25"><span class='ocrx_word' id='word_1_184' title='bbox 207 3475 244 3538; x_wconf 92' lang='lat' dir='ltr'>de</span> <span class='ocrx_word' id='word_1_185' title='bbox 266 3479 377 3538; x_wconf 87' lang='lat' dir='ltr'>senatu</span> <span class='ocrx_word' id='word_1_186' title='bbox 400 3477 557 3560; x_wconf 86' lang='lat' dir='ltr'>oppidano</span> <span class='ocrx_word' id='word_1_187' title='bbox 588 3478 648 3542; x_wconf 86' lang='lat' dir='ltr'>duo</span> <span class='ocrx_word' id='word_1_188' title='bbox 672 3477 826 3560; x_wconf 87' lang='lat' dir='ltr'>primores</span> <span class='ocrx_word' id='word_1_189' title='bbox 849 3481 927 3542; x_wconf 90' lang='lat' dir='ltr'>natu</span> <span class='ocrx_word' id='word_1_190' title='bbox 950 3478 1097 3555; x_wconf 83' lang='lat' dir='ltr'>maximi,</span> <span class='ocrx_word' id='word_1_191' title='bbox 1132 3479 1185 3562; x_wconf 89' lang='lat' dir='ltr'>qni</span> <span class='ocrx_word' id='word_1_192' title='bbox 1208 3481 1241 3541; x_wconf 89' lang='lat' dir='ltr'>et</span> <span class='ocrx_word' id='word_1_193' title='bbox 1264 3475 1400 3542; x_wconf 89' lang='lat' dir='ltr'>Vniuer-</span> 
     </span>
     <span class='ocr_line' id='line_1_29' title="bbox 206 3578 1400 3668; baseline 0.002 -27"><span class='ocrx_word' id='word_1_194' title='bbox 206 3579 294 3642; x_wconf 85' lang='lat' dir='ltr'>sitati</span> <span class='ocrx_word' id='word_1_195' title='bbox 317 3578 430 3643; x_wconf 76' lang='lat' dir='ltr'>scholae</span> <span class='ocrx_word' id='word_1_196' title='bbox 463 3579 556 3644; x_wconf 84' lang='lat' dir='ltr'>huius</span> <span class='ocrx_word' id='word_1_197' title='bbox 589 3582 789 3647; x_wconf 89' lang='lat' dir='ltr'>iureiurando</span> <span class='ocrx_word' id='word_1_198' title='bbox 819 3582 947 3647; x_wconf 85' lang='lat' dir='ltr'>obnoxii</span> <span class='ocrx_word' id='word_1_199' title='bbox 979 3583 1059 3661; x_wconf 89' lang='lat' dir='ltr'>sint,</span> <span class='ocrx_word' id='word_1_200' title='bbox 1089 3583 1190 3647; x_wconf 82' lang='lat' dir='ltr'>scriba</span> <span class='ocrx_word' id='word_1_201' title='bbox 1214 3581 1400 3668; x_wconf 87' lang='lat' dir='ltr'>oppidanus,</span> 
     </span>
     <span class='ocr_line' id='line_1_30' title="bbox 206 3677 1402 3773; baseline 0.003 -26"><span class='ocrx_word' id='word_1_202' title='bbox 206 3684 349 3748; x_wconf 86' lang='lat' dir='ltr'>cellarius</span> <span class='ocrx_word' id='word_1_203' title='bbox 373 3677 490 3749; x_wconf 89' lang='lat' dir='ltr'>ducalis</span> <span class='ocrx_word' id='word_1_204' title='bbox 520 3690 552 3749; x_wconf 91' lang='lat' dir='ltr'>et</span> <span class='ocrx_word' id='word_1_205' title='bbox 574 3692 687 3772; x_wconf 85' lang='lat' dir='ltr'>praeter</span> <span class='ocrx_word' id='word_1_206' title='bbox 712 3688 814 3753; x_wconf 90' lang='lat' dir='ltr'>hosii</span> <span class='ocrx_word' id='word_1_207' title='bbox 838 3711 977 3773; x_wconf 90' lang='lat' dir='ltr'>quoque,</span> <span class='ocrx_word' id='word_1_208' title='bbox 1010 3711 1087 3772; x_wconf 87' lang='lat' dir='ltr'>quos</span> <span class='ocrx_word' id='word_1_209' title='bbox 1110 3689 1241 3756; x_wconf 83' lang='lat' dir='ltr'>inuitari</span> <span class='ocrx_word' id='word_1_210' title='bbox 1263 3685 1402 3751; x_wconf 85' lang='lat' dir='ltr'>Consilio</span> 
     </span>
     <span class='ocr_line' id='line_1_31' title="bbox 205 3790 1401 3876; baseline 0.001 -22"><span class='ocrx_word' id='word_1_211' title='bbox 205 3790 364 3854; x_wconf 88' lang='lat' dir='ltr'>communi</span> <span class='ocrx_word' id='word_1_212' title='bbox 394 3791 490 3854; x_wconf 87' lang='lat' dir='ltr'>studii</span> <span class='ocrx_word' id='word_1_213' title='bbox 519 3793 634 3856; x_wconf 84' lang='lat' dir='ltr'>ortium</span> <span class='ocrx_word' id='word_1_214' title='bbox 668 3793 830 3876; x_wconf 85' lang='lat' dir='ltr'>placuerit.</span> <span class='ocrx_word' id='word_1_215' title='bbox 877 3793 1096 3860; x_wconf 87' lang='lat' dir='ltr'>Declarabitur</span> <span class='ocrx_word' id='word_1_216' title='bbox 1127 3797 1231 3858; x_wconf 89' lang='lat' dir='ltr'>autem</span> <span class='ocrx_word' id='word_1_217' title='bbox 1263 3793 1296 3856; x_wconf 93' lang='lat' dir='ltr'>in</span> <span class='ocrx_word' id='word_1_218' title='bbox 1319 3790 1401 3856; x_wconf 82' lang='lat' dir='ltr'>Con-</span> 
     </span>
     <span class='ocr_line' id='line_1_32' title="bbox 205 3893 1400 3966; baseline 0 -6"><span class='ocrx_word' id='word_1_219' title='bbox 205 3895 277 3960; x_wconf 84' lang='lat' dir='ltr'>silio</span> <span class='ocrx_word' id='word_1_220' title='bbox 301 3894 453 3960; x_wconf 86' lang='lat' dir='ltr'>referente</span> <span class='ocrx_word' id='word_1_221' title='bbox 469 3893 598 3962; x_wconf 87' lang='lat' dir='ltr'>Decano</span> <span class='ocrx_word' id='word_1_222' title='bbox 622 3898 660 3962; x_wconf 89' lang='lat' dir='ltr'>de</span> <span class='ocrx_word' id='word_1_223' title='bbox 682 3898 888 3964; x_wconf 88' lang='lat' dir='ltr'>instructione</span> <span class='ocrx_word' id='word_1_224' title='bbox 911 3900 1050 3965; x_wconf 88' lang='lat' dir='ltr'>conuiuii</span> <span class='ocrx_word' id='word_1_225' title='bbox 1073 3903 1104 3963; x_wconf 89' lang='lat' dir='ltr'>et</span> <span class='ocrx_word' id='word_1_226' title='bbox 1127 3920 1230 3963; x_wconf 88' lang='lat' dir='ltr'>coram</span> <span class='ocrx_word' id='word_1_227' title='bbox 1255 3898 1400 3966; x_wconf 88' lang='lat' dir='ltr'>omnibns</span> 
     </span>
     <span class='ocr_line' id='line_1_33' title="bbox 205 4001 1125 4088; baseline 0.004 -24"><span class='ocrx_word' id='word_1_228' title='bbox 205 4023 275 4064; x_wconf 89' lang='lat' dir='ltr'>enm</span> <span class='ocrx_word' id='word_1_229' title='bbox 298 4001 487 4069; x_wconf 84' lang='lat' dir='ltr'>instructore</span> <span class='ocrx_word' id='word_1_230' title='bbox 509 4005 661 4087; x_wconf 84' lang='lat' dir='ltr'>praesente</span> <span class='ocrx_word' id='word_1_231' title='bbox 684 4002 721 4068; x_wconf 90' lang='lat' dir='ltr'>de</span> <span class='ocrx_word' id='word_1_232' title='bbox 743 4003 893 4088; x_wconf 87' lang='lat' dir='ltr'>impensis</span> <span class='ocrx_word' id='word_1_233' title='bbox 915 4007 1125 4070; x_wconf 86' lang='lat' dir='ltr'>conuenietnr.</span> 
     </span>
    </p>
   </div>
   <div class='ocr_carea' id='block_1_6' title="bbox 204 4165 1399 4370">
    <p class='ocr_par' dir='ltr' id='par_1_11' title="bbox 204 4165 1399 4370">
     <span class='ocr_line' id='line_1_34' title="bbox 204 4165 1399 4264; baseline 0.002 -25"><span class='ocrx_word' id='word_1_234' title='bbox 204 4174 259 4241; x_wconf 92' lang='lat' dir='ltr'>De</span> <span class='ocrx_word' id='word_1_235' title='bbox 283 4165 652 4244; x_wconf 83' lang='lat' dir='ltr'>iisBaccalanreis</span> <span class='ocrx_word' id='word_1_236' title='bbox 675 4177 976 4264; x_wconf 82' lang='lat' dir='ltr'>acMagistris,</span> <span class='ocrx_word' id='word_1_237' title='bbox 999 4181 1067 4264; x_wconf 90' lang='lat' dir='ltr'>qui</span> <span class='ocrx_word' id='word_1_238' title='bbox 1090 4182 1131 4245; x_wconf 91' lang='lat' dir='ltr'>in</span> <span class='ocrx_word' id='word_1_239' title='bbox 1154 4181 1259 4245; x_wconf 88' lang='lat' dir='ltr'>aliis</span> <span class='ocrx_word' id='word_1_240' title='bbox 1283 4176 1399 4244; x_wconf 87' lang='lat' dir='ltr'>scho-</span> 
     </span>
     <span class='ocr_line' id='line_1_35' title="bbox 217 4281 1381 4370; baseline 0.003 -26"><span class='ocrx_word' id='word_1_241' title='bbox 217 4281 271 4345; x_wconf 91' lang='lat' dir='ltr'>lis</span> <span class='ocrx_word' id='word_1_242' title='bbox 292 4283 476 4348; x_wconf 87' lang='lat' dir='ltr'>honores</span> <span class='ocrx_word' id='word_1_243' title='bbox 499 4286 720 4352; x_wconf 85' lang='lat' dir='ltr'>consecuti</span> <span class='ocrx_word' id='word_1_244' title='bbox 743 4285 821 4350; x_wconf 90' lang='lat' dir='ltr'>hnc</span> <span class='ocrx_word' id='word_1_245' title='bbox 843 4286 1179 4351; x_wconf 88' lang='lat' dir='ltr'>secontulernnt</span> <span class='ocrx_word' id='word_1_246' title='bbox 1203 4285 1277 4370; x_wconf 75' lang='lat' dir='ltr'>(lap.</span> <span class='ocrx_word' id='word_1_247' title='bbox 1294 4283 1381 4350; x_wconf 89' lang='lat' dir='ltr'><strong>XVI.</strong></span> 
     </span>
    </p>
   </div>
   <div class='ocr_carea' id='block_1_7' title="bbox 202 4421 1399 4614">
    <p class='ocr_par' dir='ltr' id='par_1_12' title="bbox 202 4421 1399 4614">
     <span class='ocr_line' id='line_1_36' title="bbox 289 4421 1399 4511; baseline 0 -23"><span class='ocrx_word' id='word_1_248' title='bbox 289 4421 415 4505; x_wconf 87' lang='lat' dir='ltr'>Siquis</span> <span class='ocrx_word' id='word_1_249' title='bbox 444 4423 477 4487; x_wconf 91' lang='lat' dir='ltr'>in</span> <span class='ocrx_word' id='word_1_250' title='bbox 510 4423 572 4488; x_wconf 86' lang='lat' dir='ltr'>alia</span> <span class='ocrx_word' id='word_1_251' title='bbox 604 4423 711 4488; x_wconf 86' lang='lat' dir='ltr'>schola</span> <span class='ocrx_word' id='word_1_252' title='bbox 733 4423 959 4490; x_wconf 79' lang='lat' dir='ltr'>Baeculaureus</span> <span class='ocrx_word' id='word_1_253' title='bbox 981 4423 1173 4511; x_wconf 80' lang='lat' dir='ltr'>Magisterue</span> <span class='ocrx_word' id='word_1_254' title='bbox 1203 4425 1307 4490; x_wconf 85' lang='lat' dir='ltr'>fact-ne</span> <span class='ocrx_word' id='word_1_255' title='bbox 1336 4425 1399 4490; x_wconf 90' lang='lat' dir='ltr'>huc</span> 
     </span>
     <span class='ocr_line' id='line_1_37' title="bbox 202 4527 1399 4614; baseline -0.003 -20"><span class='ocrx_word' id='word_1_256' title='bbox 202 4552 235 4595; x_wconf 88' lang='lat' dir='ltr'>se</span> <span class='ocrx_word' id='word_1_257' title='bbox 258 4529 425 4596; x_wconf 85' lang='lat' dir='ltr'>contulerit</span> <span class='ocrx_word' id='word_1_258' title='bbox 447 4532 479 4592; x_wconf 93' lang='lat' dir='ltr'>et</span> <span class='ocrx_word' id='word_1_259' title='bbox 502 4529 599 4614; x_wconf 86' lang='lat' dir='ltr'>recipi</span> <span class='ocrx_word' id='word_1_260' title='bbox 621 4529 654 4592; x_wconf 90' lang='lat' dir='ltr'>in</span> <span class='ocrx_word' id='word_1_261' title='bbox 677 4529 869 4594; x_wconf 89' lang='lat' dir='ltr'>consortium</span> <span class='ocrx_word' id='word_1_262' title='bbox 885 4532 1065 4594; x_wconf 87' lang='lat' dir='ltr'>nostrorum</span> <span class='ocrx_word' id='word_1_263' title='bbox 1088 4527 1236 4606; x_wconf 88' lang='lat' dir='ltr'>noluerit,</span> <span class='ocrx_word' id='word_1_264' title='bbox 1260 4527 1399 4613; x_wconf 89' lang='lat' dir='ltr'>primum</span> 
     </span>
    </p>
   </div>
   <div class='ocr_carea' id='block_1_8' title="bbox 0 0 1756 5322">
    <p class='ocr_par' dir='ltr' id='par_1_13' title="bbox 0 0 1756 5322">
     <span class='ocr_line' id='line_1_38' title="bbox 0 0 1756 5322; baseline 0 3"><span class='ocrx_word' id='word_1_265' title='bbox 0 0 1756 5322; x_wconf 95' lang='lat' dir='ltr'> </span> 
     </span>
    </p>
   </div>
  </div>
 </body>
</html>
