3504 5322
693 471 809 527 Statuta
829 475 904 529 laos.
1342 486 1404 550 417

201 629 309 694 ticales
331 651 396 693 nou
419 628 545 694 studeat
567 629 781 707 nouitabibas,
805 630 1061 713 reprehendendo
1085 637 1266 704 scandaloso
1282 643 1405 706 textum

201 733 297 798 biblie
330 737 363 798 et
401 732 496 810 iaris,
534 732 610 796 ltem
641 734 782 798 doctores
817 737 941 799 sanctos
971 739 1048 814 etc,
1092 740 1167 804 item
1206 764 1403 810 communem

202 861 303 914 usum,
327 837 387 901 Sed
409 837 437 900 si
453 837 615 902 voluerint
630 838 731 903 dicere
746 839 875 922 aliquid,
899 840 1023 906 dicant:
1047 843 1092 908 ita
1112 845 1209 910 habet
1225 847 1405 914 Alexander

201 947 233 1008 et
264 944 309 1006 ita
338 947 385 1006 est
419 965 509 1019 usus,
543 943 597 1006 sed
628 943 716 1008 iuxta
745 946 870 1028 poetam
902 945 992 1008 illum
1024 948 1072 1012 vel
1102 949 1198 1014 alium
1231 953 1276 1017 ita
1298 953 1405 1018 diceu-

202 1050 276 1113 dam
300 1051 357 1112 est.

695 1238 750 1304 De
771 1239 907 1306 festis.

290 1379 373 1444 Item
398 1401 518 1446 cessare
541 1379 657 1444 debent
679 1380 718 1443 de
740 1385 843 1446 cetero
866 1381 974 1446 omnia
995 1385 1077 1447 t'esta
1099 1387 1205 1467 preter
1236 1385 1316 1453 festa
1344 1389 1406 1454 fori

203 1490 235 1550 et
257 1486 380 1570 collegii
400 1486 408 1522 ¹
432 1490 464 1549 et
486 1484 581 1562 Iouis,
606 1485 633 1548 si
652 1489 758 1550 tamen
782 1486 814 1550 in
840 1487 896 1550 illa
920 1488 1098 1571 septimana
1120 1509 1183 1553 non
1207 1490 1305 1555 fuerit
1319 1492 1405 1556 aliud

203 1593 338 1670 testum,
362 1595 393 1655 ct
417 1595 523 1674 preter
546 1594 681 1673 quatuor
706 1591 827 1658 diesin
852 1593 1071 1676 carnispriuio.
1117 1593 1342 1679 Scholaresque
1366 1597 1405 1661 ad

203 1699 393 1760 manendum
423 1697 615 1762 inducantur
643 1693 703 1758 sab
733 1717 815 1779 pena
845 1697 1094 1780 computacionis
1126 1697 1253 1764 illorum
1283 1701 1403 1765 dieram

204 1802 236 1865 in
269 1802 424 1886 duplicem
457 1799 614 1865 delectum
643 1800 794 1883 temporis
828 1801 1060 1866 exerciciorum.
1112 1801 1269 1869 Poterant
1298 1809 1406 1870 tamen

205 1912 411 1972 conuentores
432 1910 573 1989 tempore
595 1902 824 1968 vindemiarum
849 1927 907 1989 pro
930 1905 1088 1989 aliquibus
1114 1909 1223 1972 diebus
1245 1909 1406 1975 licentiam

204 2015 310 2097 petere
335 2012 375 2076 ab
399 2009 615 2076 vuiuersitate.
1332 2032 1336 2040 ·

516 2185 571 2251 De
602 2188 810 2273 magistro
835 2189 1090 2272 presidente.

291 2328 373 2394 Item
388 2329 538 2414 magister
560 2350 759 2412 presessurus
783 2350 838 2413 per
855 2329 985 2392 biduum
1008 2332 1063 2392 aut
1086 2329 1227 2394 triduum
1250 2331 1339 2413 prius
1362 2332 1405 2396 iu

204 2435 328 2499 bursa
349 2434 538 2518 disputet
560 2453 631 2498 cum
654 2433 720 2497 suis
744 2433 1005 2516 respondentibus
1036 2454 1093 2498 sua
1117 2434 1313 2519 sophismata
1331 2441 1407 2500 ante

206 2540 442 2627 presidenciam‚
466 2539 525 2602 aab
541 2559 623 2623 pena
638 2535 702 2602 VH
724 2540 756 2620 β.
796 2535 896 2620 Super
918 2558 981 2620 quo
1003 2557 1036 2599 se
1058 2537 1249 2603 denunciare
1271 2539 1305 2602 in
1328 2539 1403 2603 visi·

204 2647 325 2712 tatione
347 2646 512 2710 bursarum
534 2643 577 2708 sit
599 2643 755 2708 astrictus.

293 2749 374 2816 Item
396 2750 540 2815 volumus
563 2749 646 2832 quod
668 2748 775 2812 omnia
798 2747 854 2812 illa
876 2748 1031 2830 equaliter
1053 2749 1260 2813 obseruentur
1283 2749 1316 2811 in
1339 2771 1407 2813 am·

206 2855 306 2920 babus
337 2855 438 2920 bursis
469 2854 515 2918 ita
543 2854 627 2937 qaod
655 2853 724 2916 sine
747 2852 827 2916 scitu
850 2856 882 2916 et
904 2873 1056 2917 consensa
1080 2854 1405 2937 superintendentium

206 2963 347 3026 omnium
376 2961 541 3026 ambarum
572 2959 694 3022 viarum
727 2958 824 3022 nichil
851 2958 883 3022 in
907 2959 1056 3042 predictis
1079 2959 1112 3023 in
1136 2979 1199 3023 vna
1220 2959 1315 3023 bursa
1337 2981 1407 3024 mu-

205 3071 300 3145 tetur,
324 3066 387 3131 nisi
410 3065 443 3128 in
468 3063 530 3129 alia
553 3064 637 3128 idem
659 3064 724 3128 fiat.

572 3289 627 3353 De
650 3293 767 3355 statu
790 3290 1029 3356 scolarium.

293 3430 375 3496 Item
397 3431 541 3494 volumus
563 3434 595 3494 et
616 3431 797 3508 statuimus,
821 3433 858 3494 ut
880 3433 999 3494 statum
1015 3431 1150 3494 scolares
1167 3433 1407 3494 concernentem

208 3539 421 3602 Conuentores
451 3535 618 3600 observent
647 3557 762 3619 penam
794 3536 955 3620 exigendo.
1002 3534 1090 3612 Quod
1123 3535 1152 3600 si
1182 3557 1245 3598 non
1278 3535 1410 3599 fecerint

206 3643 269 3727 ipsi
292 3641 423 3706 candem
445 3641 566 3705 soluere
589 3643 766 3706 tencantur.

493 3815 545 3880 De
567 3815 851 3902 negligentiis
874 3814 1117 3900 signandis.

296 3953 377 4020 Item
409 3957 553 4021 volumus
588 3955 672 4039 quod
706 3955 852 4041 magistri
886 3956 1015 4040 signent
1055 3954 1202 4039 quociens
1240 3954 1411 4039 negligant

209 4061 360 4126 exercicia
383 4085 448 4140 sua,
472 4084 544 4126 cum
567 4060 619 4124 hic
642 4064 719 4126 suut
741 4065 773 4125 et
794 4065 953 4144 presentes
976 4061 1009 4124 ln
1032 4063 1110 4139 loco,
1133 4064 1169 4124 vt
1185 4063 1294 4144 postea
1310 4060 1409 4124 intor-

208 4167 313 4251 rogati
338 4167 503 4232 bonafide
526 4166 627 4230 dicere
651 4165 779 4229 valeant
800 4186 969 4229 nanterum
992 4164 1260 4250 negligentiarum
1290 4167 1322 4227 ct
1353 4185 1409 4246 pro

209 4272 351 4356 qualibet
373 4271 571 4358 negligentia
594 4271 761 4334 commissa
784 4270 909 4334 solaant
944 4273 963 4332 2
986 4273 1018 4355 β.

281 4501 293 4554 l
314 4517 334 4552 s,
352 4497 379 4552 S.
398 4498 459 4553 257.

262 4605 392 4647 Urkandea
406 4604 448 4643 der
461 4603 489 4644 U.
502 4603 632 4656 'subiugan-
