3460 5314
318 481 380 546 306
778 478 908 536 Facultae
927 479 1041 536 medica.

317 641 419 703 tiones
450 638 483 701 in
513 637 668 702 medicina
697 639 831 704 audierit
859 639 907 704 De
939 662 999 723 quo
1030 640 1123 705 fidem
1153 662 1209 725 per
1235 639 1308 704 1111
1329 638 1513 704 testimonia

315 748 370 807 aut
404 745 547 826 patentes
577 742 685 807 literas
716 743 818 808 faeere
842 745 933 809 debet
966 743 1008 808 Et
1031 746 1059 809 11
1080 745 1154 809 11111
1185 766 1248 808 111
1274 744 1415 808 extiterit
1437 743 1512 808 Non

316 848 488 931 recipiatur
510 869 567 912 nec
591 847 787 912 admittatur.

660 1076 719 1140 De
742 1075 987 1140 anothomia
1008 1076 1165 1141 fienda.

404 1268 593 1334 Ordinumus
625 1269 720 1332 etiam
743 1269 827 1352 quod
849 1268 984 1356 singulis
1006 1269 1109 1334 tribus
1139 1269 1254 1333 autad
1278 1269 1349 1352 plus
1373 1271 1510 1350 quatuor

318 1373 409 1439 aunis
431 1374 527 1438 semel
550 1372 722 1437 celebretur
744 1375 1069 1439 dismembratio
1098 1374 1289 1459 corporis
1321 1372 1514 1448 humani,

318 1478 413 1542 morti
436 1477 587 1556 damnati,
611 1477 638 1539 si
661 1477 770 1541 haberi
792 1479 919 1562 poterit,
944 1483 975 1542 et
996 1479 1056 1543 hoc
1071 1479 1128 1544 fiat
1143 1483 1284 1562 tempore
1299 1477 1515 1563 frigidissime,

317 1605 414 1667 prope
436 1581 516 1647 festa
537 1581 663 1646 Natalis
686 1580 815 1646 Christi.
861 1583 987 1649 Interea
1009 1589 1114 1649 autem
1142 1585 1223 1669 quod
1247 1584 1412 1669 peragitur
1434 1605 1514 1647 ano-

319 1687 440 1752 thomia
462 1689 627 1764 volumus,
660 1689 743 1771 quod
771 1689 857 1753 omni
885 1712 977 1755 mane
999 1690 1125 1776 legatur
1147 1691 1242 1754 missa
1265 1712 1323 1774 pro
1345 1690 1515 1766 defimctis‚

318 1793 455 1878 propriis
488 1793 604 1858 nostris
635 1793 799 1878 expensis,
828 1815 923 1876 quam
954 1815 1062 1858 ornnes
1096 1795 1149 1877 qui
1172 1795 1388 1858 anothomiam
1411 1793 1517 1858 ridere

318 1899 495 1963 desiderant
518 1899 649 1963 audiant
672 1899 836 1964 deuotast
860 1922 918 1984 pro
941 1902 1047 1965 anima
1069 1899 1210 1964 defuncti
1233 1898 1315 1982 apud
1338 1895 1440 1963 Deum
1465 1898 1517 1961 in-

319 2005 488 2068 tercedant.
543 2001 611 2078 Qua
644 2008 770 2087 peracta
801 2005 977 2069 ordinarius
1007 2027 1077 2070 cum
1107 2003 1199 2068 sociis
1227 2007 1259 2066 et
1280 2003 1454 2067 scolaribus
1476 2003 1518 2066 ad

321 2109 425 2174 locum
448 2108 501 2172 vbi
524 2109 740 2174 anothomiam
763 2109 974 2174 celebraturus
994 2113 1051 2187 911,
1075 2131 1108 2173 11
1129 2108 1270 2174 conferat
1292 2113 1324 2172 et
1346 2109 1519 2173 secundum

319 2213 548 2278 ordinationem
564 2215 727 2278 doctorum
743 2214 888 2297 precipue
900 2212 1038 2302 Mundi
1047 2214 1087 2278 ni
1103 2213 1268 2278 lectionem
1283 2213 1321 2277 de
1335 2219 1425 2298 parte
1439 2217 1520 2276 tunc

292 2337 295 2344 '
320 2319 538 2404 conspicienda
560 2317 657 2383 faciat
680 2322 712 2382 et
733 2321 844 2401 postea
858 2317 1136 2401 correspondenter
1152 2319 1259 2382 eadem
1281 2339 1354 2401 pars
1377 2317 1416 2382 ad
1439 2339 1516 2381 ocu-

319 2424 386 2489 lum
407 2425 554 2489 distincte
578 2423 771 2488 ostendatur.
817 2424 905 2488 Actu
920 2443 993 2486 vero
1009 2423 1190 2487 anothomie
1212 2423 1335 2507 integre
1358 2423 1516 2506 completo

320 2551 433 2613 corpus
456 2529 682 2594 anothomiaati
698 2549 768 2593 cum
788 2527 934 2592 omnibus
954 2526 1096 2611 reliquiis
1118 2528 1185 2592 eius
1207 2551 1225 2593 a
1248 2528 1425 2593 doctoribus
1448 2548 1517 2590 me-

324 2635 425 2700 dicine
457 2638 489 2699 et
510 2634 674 2719 Magistris
698 2632 937 2716 scolaribusque
969 2633 1130 2698 facultatis
1160 2635 1279 2698 artium
1310 2655 1367 2718 pro
1396 2631 1519 2696 honore

321 2739 481 2804 facultatis
496 2737 650 2802 Medicina
673 2739 712 2802 ad
735 2738 930 2823 sepulturam
946 2739 1148 2816 conducatur,
1173 2739 1215 2802 Er.
1237 2738 1353 2802 ibidem
1375 2737 1518 2802 officium

322 2844 541 2910 defunctorum
564 2845 596 2909 111
620 2846 750 2910 ecclesia
772 2865 829 2929 pro
851 2844 953 2909 salute
974 2846 1077 2910 anime
1094 2843 1319 2909 anothomizati
1343 2842 1519 2906 solenniter

322 2954 499 3035 peragatur.

409 3055 554 3121 Preterea
576 3056 744 3120 statuimus
766 3059 798 3121 et
822 3056 1024 3121 admonemus
1047 3053 1096 3119 Ne
1120 3054 1233 3138 aliquis
1256 3053 1450 3118 audientium
1484 3057 1519 3116 et

322 3160 496 3225 videntium
527 3159 743 3224 auothomiam
773 3164 933 3244 presumat
967 3159 1086 3243 aliquid
1121 3181 1230 3243 capere
1264 3160 1312 3222 vel
1343 3159 1441 3222 furari
1479 3159 1519 3221 de

321 3287 450 3350 corpore
474 3265 731 3331 anothomizandi
753 3267 811 3331 sub
834 3266 939 3331 debito
964 3266 1090 3349 prestiti
1114 3264 1293 3330 iuramenti.

673 3509 865 3594 Expense
887 3509 1009 3574 huius
1031 3513 1162 3572 actus.

410 3685 583 3750 Statuimus
614 3686 741 3770 insuper
772 3694 806 3748 11
835 3685 1014 3768 quicunque
1040 3682 1220 3748 anothomie
1254 3681 1402 3747 interesse
1424 3682 1517 3746 volu-

326 3794 394 3872 erit,
418 3792 602 3878 priusquam
625 3792 761 3875 primam
782 3789 949 3854 lectionem
972 3789 1079 3853 audiat
1109 3788 1157 3852 111
1181 3787 1301 3871 aliquid
1323 3788 1361 3851 de
1383 3787 1520 3851 1111111-

326 3899 389 3962 mia
410 3897 528 3974 videat,
559 3896 712 3960 florenum
741 3917 903 3960 renensem
925 3896 964 3959 ad
986 3895 1096 3960 fiscum
1118 3893 1277 3958 facultatis
1301 3896 1448 3976 reponat,
1480 3893 1521 3957 de

330 4003 442 4086 quibus
465 4001 623 4084 peccuniis
645 4023 780 4086 expense
801 4002 949 4066 hincinde
971 4001 1072 4065 fiende
1094 4001 1265 4064 soluantur.

411 4103 554 4189 Denique
585 4107 766 4172 ordinamus
797 4109 880 4190 quod
909 4107 1044 4172 facultas
1079 4104 1232 4169 medicine
1265 4125 1322 4188 pro
1355 4102 1415 4167 hoc
1444 4107 1520 4168 actu

326 4210 452 4276 archum
473 4211 542 4276 fieri
564 4211 659 4276 faciat
681 4235 750 4278 sera
771 4218 805 4278 et
827 4214 914 4278 clane
937 4211 1094 4276 munitum
1109 4209 1148 4274 In
1164 4233 1259 4293 quarn
1281 4211 1461 4293 fragmenta
1483 4214 1517 4273 et

326 4317 457 4402 reliquie
479 4316 702 4383 anotbomiaati
726 4342 797 4383 cum
819 4317 1039 4383 instrumentis
1067 4315 1190 4379 vtendis
1214 4336 1310 4397 nsque
1332 4314 1370 4377 ud
1394 4320 1519 4399 tempus

326 4423 484 4507 sepulture
512 4423 713 4488 recludantur
736 4421 839 4487 Clanis
872 4443 945 4488 vero
976 4421 1059 4504 apud
1081 4420 1274 4485 ordinarium
1309 4418 1394 4483 illius
1418 4419 1519 4484 facul-

327 4529 403 4592 tatis
425 4528 572 4592 lectorcm
595 4531 774 4612 reponatur.
