3460 5314
605 439 720 494 statuta
741 440 806 493 1477
834 459 860 492 u.
877 443 952 496 1505.
1327 451 1387 514 351

184 593 390 670 concurrerit,
413 595 512 658 eciam
533 595 637 660 locum
662 600 735 660 ante
750 597 848 662 talem
864 597 1057 685 Magistrum
1081 601 1130 665 vel
1143 601 1388 670 Baccalaureum

182 693 314 759 alterius
338 699 555 764 uniuersitatis
578 701 716 778 habebit,
742 701 804 766 nisi
820 725 914 786 super
930 703 990 788 hys
1013 705 1161 770 concordi
1184 707 1382 792 singulorum

182 805 258 864 voto
281 803 370 868 nullo
392 805 626 870 contradicente
647 808 824 890 specialiter
848 808 947 874 feeerit
971 809 1197 893 dispensatum,
1271 853 1277 866 ·

272 912 323 970 47.
347 907 437 988 Item,
462 911 544 993 qnod
561 909 714 996 Magister
737 912 866 977 alterius
889 913 1107 980 uniuersitatis
1123 915 1176 980 hic
1189 921 1386 1002 asssumptns

181 1011 329 1076 teneatur
350 1014 528 1097 persoluere
549 1015 623 1080 fisco
646 1017 807 1082 facultatis
829 1039 927 1082 vnum
949 1018 1122 1096 florenum,
1159 1019 1385 1085 Baccalaureus

181 1134 256 1178 vero
288 1115 470 1196 dimidium,
501 1123 533 1184 et
555 1119 682 1184 illorum
707 1122 822 1186 decano
857 1123 992 1205 quilibet
1015 1123 1093 1187 duos
1115 1125 1230 1188 solidos
1254 1145 1311 1208 pro
1335 1126 1384 1190 in·

19 1293 20 1298 γ
147 1297 149 1302 ,
180 1217 359 1299 titulatura,

270 1329 321 1388 48.
344 1325 489 1412 Denique
511 1330 617 1396 nullus
637 1330 862 1395 Baccalaureus
886 1331 1062 1394 membrum
1084 1330 1244 1396 facultatis
1267 1332 1383 1396 artium

180 1447 253 1491 esse
276 1441 450 1508 censeatur,
474 1434 538 1498 nisi
560 1433 595 1498 M
603 1435 799 1499 atricnle
821 1434 1047 1499 facultatis
1071 1435 1132 1499 rite
1154 1436 1326 1520 inscriptus
1349 1441 1382 1501 et

180 1531 303 1598 iuratus
325 1535 441 1614 sumit,
472 1561 573 1622 neque
603 1540 752 1604 lectiones
775 1539 924 1604 exercitia
953 1543 1009 1604 aut
1040 1539 1094 1604 alii
1117 1543 1205 1604 actus
1227 1541 1383 1606 scolastici

179 1637 222 1699 ad
244 1637 383 1721 aliquem
405 1643 538 1726 gradum
563 1644 595 1708 in
620 1644 771 1708 facultate
795 1645 912 1708 artium
945 1643 1006 1708 sibi
1036 1644 1203 1728 proficiant
1225 1649 1280 1710 ant
1303 1668 1381 1730 quo-

178 1740 352 1807 modolibet
374 1751 605 1829 computentur,
630 1749 692 1812 nisi
715 1749 808 1813 modo
832 1752 1001 1832 pronotato
1016 1747 1160 1813 facultati
1177 1749 1294 1814 artium
1317 1750 1378 1816 rite

177 1841 276 1908 fuerit
299 1846 517 1934 incorporatus
538 1852 559 1916 ¹.

369 2023 423 2091 De
445 2028 724 2110 temptamina
746 2051 822 2112 pro
843 2034 1029 2112 atroque
1052 2029 1193 2114 gradn.

265 2173 316 2232 49.
340 2163 459 2230 Statuit
482 2166 625 2244 facultas,
650 2165 733 2250 quod
755 2171 898 2250 tempore
917 2166 1135 2249 temptaminis
1159 2166 1299 2230 instante
1321 2165 1376 2230 de·

178 2292 278 2336 canus
300 2293 357 2357 per
379 2271 539 2356 publicam
566 2271 802 2336 intimacicnem
824 2271 1002 2336 Sceleribus
1032 2272 1081 2336 vel
1105 2268 1322 2336 Baccalanreis
1344 2291 1377 2334 se

177 2375 315 2440 examini
349 2377 546 2441 summittere
575 2376 753 2441 volentibus
788 2376 950 2452 notificet,
994 2375 1076 2459 qnod
1109 2375 1159 2439 die
1192 2373 1376 2459 precedente
1485 2471 1487 2477 A

176 2481 437 2545 conuoeacionem
458 2479 622 2545 facultatis
645 2482 761 2545 artium
784 2502 841 2566 pro
857 2480 1046 2545 admissione
1062 2501 1118 2544 seu
1140 2477 1377 2562 dispensacione

175 2607 270 2670 super
292 2584 465 2650 defectibus
495 2607 600 2649 coram
630 2586 700 2669 ipso
730 2590 816 2649 certa
839 2585 917 2650 hora
946 2607 1004 2670 pro
1027 2584 1229 2650 intitulatum
1251 2603 1377 2665 compa·

177 2694 277 2769 reant,
302 2690 362 2753 sub
384 2711 465 2774 pena
487 2711 551 2754 non
573 2690 773 2754 admissionis
796 2711 854 2775 pro
878 2690 938 2754 hac
959 2690 1034 2755 vice.
1080 2687 1200 2763 Quibus
1223 2687 1267 2752 sic
1289 2707 1374 2750 com-

174 2793 358 2875 parentibus
387 2796 521 2859 dccanus
552 2801 584 2860 et
613 2795 742 2860 nomina
770 2800 803 2859 et
832 2795 974 2860 ordinem
1006 2816 1114 2859 eorum
1143 2815 1181 2858 ex
1204 2791 1373 2857 Matricula

172 2896 401 2963 Vniuersitatis
424 2905 479 2964 aut
501 2901 599 2965 eciam
621 2901 793 2978 facultatis,
819 2922 882 2984 quo
905 2901 944 2964 nd
967 2899 1207 2975 Baccalaureos‚
1240 2897 1369 2982 colligat

173 3005 206 3066 et
236 3004 431 3083 conscribat,
464 3009 500 3068 vt
521 3008 663 3089 ternpore
693 3005 941 3090 dispensacionis
969 3004 1154 3070 facultatem
1183 3025 1278 3087 super
1310 3003 1369 3086 hys

175 3107 342 3172 cerciorem
364 3109 493 3174 reddere
515 3111 618 3194 possit
638 3109 660 3174 ².

266 3265 274 3300 ¹
299 3263 336 3328 B.
361 3272 425 3342 ftgt
443 3273 506 3326 bei:
537 3265 618 3330 Item
633 3265 853 3335 baccalaureus
876 3265 1004 3329 veniens
1019 3264 1058 3327 ab
1074 3262 1136 3328 alia
1158 3263 1373 3343 uniuersitate,

174 3370 271 3434 eciam
296 3371 323 3434 si
346 3372 385 3436 ed
406 3371 588 3436 facultatem
611 3372 729 3436 artium
754 3371 891 3435 hicnon
915 3370 958 3434 sit
980 3373 1140 3452 receptus,
1165 3373 1295 3452 propter
1316 3369 1372 3432 ob-

172 3478 259 3538 stans
284 3476 496 3541 iuramentnm
528 3477 637 3541 forsan
672 3476 706 3540 in
729 3476 792 3540 alia
815 3475 1018 3540 uniuersitate
1041 3473 1226 3558 prestitum,
1257 3473 1372 3538 nihilo-

170 3581 276 3644 minus
314 3582 469 3666 complere
498 3586 660 3660 censetur,
694 3581 762 3646 sine
791 3585 897 3645 tamen
930 3578 1165 3664 dispensatione
1199 3600 1263 3641 non
1297 3599 1371 3662 pro-

170 3689 342 3749 moueatur.

255 3788 336 3854 Item
359 3791 492 3856 scolares
508 3792 546 3856 de
562 3791 634 3874 alijs
658 3790 920 3855 uniuersitatibus
936 3791 1105 3867 venientes,
1129 3789 1273 3853 examine
1288 3807 1368 3851 ncn-

171 3893 245 3958 dum
268 3895 376 3972 finito,
408 3897 447 3959 ad
469 3896 582 3980 ipsum,
608 3897 633 3960 si
657 3895 804 3960 facultati
826 3895 929 3959 visum
953 3895 1049 3959 fuerit
1071 3897 1281 3978 oportunum,
1316 3891 1371 3956 ad-

205 3998 255 4062 'tti
278 4005 421 4083 possunt,
446 4002 533 4065 nullo
556 4001 667 4065 saltem
691 4000 919 4084 impedimento
942 4001 1004 4064 alio
1027 4000 1183 4064 obstante.

257 4110 270 4148 ²
290 4109 347 4162 Auf
362 4110 456 4166 diesen
474 4111 625 4168 Absehnitt
643 4111 738 4181 fulgen
756 4111 786 4165 in
806 4104 842 4169 B.
867 4111 911 4165 die
930 4111 1062 4165 weiteren
1079 4109 1167 4164 Titel:

226 4233 281 4298 De
304 4230 674 4318 promouendorum
699 4227 989 4292 intitulatura
1012 4230 1048 4289 et
1071 4225 1312 4289 defectuum
1348 4281 1350 4286 .

566 4381 573 4396 .
631 4333 908 4400 recitatione.

252 4456 334 4524 Item
351 4457 500 4542 primum,
517 4456 701 4540 priusquam
718 4453 757 4518 ad
773 4450 1037 4538 dispensationem
1053 4449 1251 4531 admittatur,
1264 4467 1368 4514 coram
