3442 5314
435 453 459 506 1.
487 449 649 520 Verlegung
666 450 714 506 des
733 449 921 521 Sindalflnger
940 451 1036 506 Stitfts
1058 453 1134 510 1476.
1356 463 1375 528 5

174 633 295 678 necnon
317 616 391 697 post
413 611 602 676 erectionem
623 607 803 674 huiusmodi
818 608 858 674 ab
880 609 997 688 eisdem
1019 611 1140 678 duobus
1163 618 1321 684 canonicis
1344 623 1376 685 et

173 719 277 784 decem
293 715 471 802 Capellanis
493 736 529 780 ac
550 714 683 780 Rectore
705 713 756 778 uel
779 735 887 780 eorum
908 719 1167 798 procuratoribus
1190 723 1229 788 ad
1252 721 1312 788 hoc
1334 725 1375 790 ab

173 824 217 888 eie
248 823 427 907 specialiter
456 811 654 898 constitutis,
687 821 715 884 si
744 841 816 884 suos
839 819 1049 886 canonicatus
1084 828 1116 888 et
1146 827 1321 910 prebendas
1344 834 1376 894 et

173 927 370 1020 Capellanias
399 949 435 992 ac
457 927 637 992 Rmtoriam
667 925 865 1001 huiusmodi,
900 931 935 992 ut
959 929 1035 993 unio
1058 931 1193 996 annexio
1216 935 1248 996 et
1270 933 1374 999 incor-

172 1035 298 1119 poracio
321 1033 458 1118 predicte
480 1054 572 1096 suum
596 1031 771 1096 sortiantur
793 1031 948 1110 effectum,
972 1033 1006 1096 in
1021 1033 1085 1098 tuis
1101 1036 1247 1108 manibus
1262 1043 1375 1122 sponte

172 1143 203 1204 et
226 1139 324 1202 libere
352 1137 514 1222 resignare
546 1135 722 1212 noluerint,
753 1137 986 1222 assignationes
1016 1139 1195 1206 huiusmodi
1226 1142 1285 1208 han
1306 1144 1375 1208 uice

172 1245 327 1308 duntaxat
348 1242 485 1325 recipere
508 1243 540 1305 et
555 1240 730 1317 admittere,
753 1240 882 1324 illisque
902 1264 959 1325 per
981 1248 1013 1306 be
1035 1246 1167 1329 receptis
1182 1250 1214 1310 et
1230 1247 1374 1312 admissis

172 1346 294 1412 duobus
318 1345 485 1412 (lenonicia
508 1344 613 1410 decem
628 1344 808 1428 Capellanis
831 1349 863 1409 et
886 1345 1013 1412 Rectori
1034 1349 1184 1432 predictis
1206 1352 1373 1433 pensiones

173 1473 310 1528 annuas,
343 1452 381 1515 de
412 1450 526 1534 quibus
557 1448 617 1514 tibi
640 1450 873 1515 rationabiliter
896 1451 1071 1530 uidebitur,
1103 1476 1196 1538 super
1218 1455 1375 1520 fructibus

172 1556 346 1622 redditibus
380 1561 412 1620 et
446 1555 653 1639 prouentibus
684 1555 827 1640 erigendi
861 1555 1048 1621 Monasterii
1085 1558 1264 1623 huiusmodi
1296 1559 1373 1642 ipsis

173 1662 294 1728 duobus
322 1660 488 1728 Canonicis
511 1660 616 1725 decem
638 1659 817 1743 Capellanis
839 1663 871 1724 et
886 1659 1012 1725 Rectori
1038 1663 1139 1745 quoad
1162 1662 1302 1727 uixerint
1324 1663 1374 1728 vel

173 1766 429 1852 procuratoribus
459 1765 525 1829 suis
557 1765 595 1828 ad
619 1765 679 1829 hoc
709 1765 749 1828 ab
772 1764 816 1830 eia
839 1764 989 1848 specialia
1012 1767 1161 1830 mandata
1182 1767 1373 1832 habentibus

172 1894 229 1956 per
251 1871 388 1955 priorem
411 1874 443 1934 et
465 1869 665 1934 Corinentum
688 1870 831 1955 erigendi
852 1869 1039 1936 Monasterii
1061 1871 1249 1950 huiusmodi,
1280 1872 1373 1938 annis

172 1976 308 2062 singulis
331 1977 364 2040 in
388 1975 532 2040 terminis
555 1979 588 2040 et
610 1975 686 2040 lonis
709 1997 745 2040 ac
767 1976 826 2040 sub
848 1978 988 2040 censuris
1017 1981 1050 2040 et
1073 1977 1162 2059 penis
1185 1977 1372 2044 eeclesiasti-

174 2084 218 2147 ois
239 2083 278 2146 ad
302 2081 334 2146 id
357 2103 413 2164 per
443 2084 475 2144 te
498 2081 636 2165 ipsarum
670 2081 809 2165 partium
839 2103 994 2146 consensu
1023 2081 1218 2158 statuendis,
1249 2081 1373 2166 integre

173 2187 392 2270 persoluendaa
417 2187 591 2271 respectiue
620 2207 780 2252 reeeruare
811 2187 1003 2252 constituere
1026 2191 1057 2251 et
1079 2185 1241 2270 assignare
1264 2187 1373 2250 eadem

175 2291 365 2356 auctoritate
387 2295 496 2355 nostra
518 2312 675 2375 procures,
699 2290 819 2356 faciens
842 2291 959 2356 eisdem
987 2291 1107 2354 duobus
1129 2289 1296 2354 Oanoniois
1319 2290 1372 2354 de·

173 2418 240 2460 cem
252 2396 432 2480 capellanis
455 2400 487 2460 et
503 2395 632 2460 Rectori
654 2396 692 2460 de
714 2396 806 2460 dictis
822 2397 1028 2480 pensionibus
1045 2396 1134 2460 iuxta
1149 2395 1371 2460 reeordationis

174 2501 412 2567 constitutionis
433 2504 466 2565 et
488 2501 713 2586 assignationis
736 2501 915 2580 earundem,
942 2501 969 2564 si
993 2501 1065 2566 illas
1087 2499 1207 2575 focaria,
1231 2503 1373 2564 tenorem

175 2605 299 2690 integre
321 2605 511 2690 responderi,
534 2604 779 2669 contradictores
795 2627 850 2689 per
872 2627 1036 2670 censuram
1051 2603 1294 2670 eeclesiasticam
1316 2623 1371 2686 ap·

173 2711 345 2796 pellatione
367 2710 543 2795 postposita
565 2709 798 2793 compescendo.

255 2813 330 2879 Non
362 2815 560 2878 obstantibus
589 2804 755 2878 uoluntate
785 2814 927 2899 predicta
957 2835 994 2879 ac
1027 2812 1307 2878 constitutionibus
1341 2815 1372 2875 et

168 2919 418 2984 ordinationibus
446 2919 642 3003 apostolicis,
676 2929 804 2983 necnon'
821 2920 855 2983 in
878 2918 1086 2984 Windeshem
1109 2923 1141 2984 et
1163 2917 1372 2983 Bebenbusen

170 3023 433 3088 Monasteriornm
456 3043 491 3086 ao
513 3023 640 3086 ecclesie
662 3021 692 3087 S.
710 3021 842 3087 Martini
865 3026 896 3086 et
918 3024 1065 3088 ordinum
1088 3024 1300 3108 predictorum
1322 3023 1370 3087 iu·

169 3131 320 3206 ramento,
344 3126 583 3192 confirmatione
607 3127 779 3210 apostolica
809 3128 860 3191 uel
883 3129 995 3211 queuis
1021 3129 1172 3193 firmitate
1193 3128 1256 3193 alia
1278 3128 1370 3192 robo-

169 3232 255 3309 ratis,
280 3231 408 3295 statutis
431 3234 462 3294 et
485 3229 765 3295 consuetudinibus
788 3231 954 3295 contrariis
979 3233 1235 3317 quibuscunque;
1266 3235 1322 3297 aut
1344 3232 1371 3296 si

169 3335 268 3420 aliqui
298 3335 382 3399 dicta
411 3335 584 3420 apostolica
613 3335 664 3399 uel
695 3336 757 3399 alia
780 3337 891 3420 queuis
924 3340 1168 3404 auctoritatem
1190 3339 1298 3402 eadem
1320 3359 1370 3402 ec·

169 3441 262 3506 clesia
284 3439 314 3505 S.
332 3439 464 3504 Martini
486 3441 520 3505 in
543 3439 716 3506 Canonieos
739 3442 804 3506 sint
826 3442 946 3526 recepti
969 3443 1021 3507 uel
1043 3448 1080 3507 ut
1102 3442 1295 3526 recipiantur
1319 3444 1369 3508 in·

169 3545 303 3622 sistant,
327 3567 381 3609 seu
404 3546 430 3614 si
453 3567 546 3629 super
568 3546 801 3630 prouisionibus
823 3545 868 3611 ibi
891 3546 1043 3612 iaciendis
1066 3547 1104 3610 de
1126 3546 1370 3612 canonicatibus

169 3654 200 3713 et
222 3649 389 3734 prebendis
411 3649 509 3732 ipsius
532 3650 658 3716 ecclesie
680 3649 710 3714 S.
737 3650 869 3715 Martini
892 3675 928 3716 ac
950 3653 1128 3718 huiusmodi
1150 3652 1299 3736 speciales
1321 3652 1371 3716 rel

168 3756 239 3819 aliis
260 3755 421 3820 beneficiis
453 3756 670 3822 ecelesiasticis
701 3758 734 3820 in
764 3757 829 3822 illis
853 3759 996 3844 partibus
1017 3758 1179 3844 generales
1202 3758 1370 3843 apostolice

169 3861 251 3924 sedis
275 3861 326 3924 uel
348 3860 525 3946 legatorum
548 3862 615 3926 eius
631 3862 753 3927 litteras
776 3864 987 3948 impetrarint
1012 3865 1108 3928 etiam
1130 3865 1158 3928 ai
1180 3887 1236 3947 per
1257 3885 1308 3928 eas
1331 3864 1370 3928 ad

168 3965 393 4030 inhibitionem
423 3969 670 4033 reseruaoionem
699 3973 731 4032 et
759 3969 919 4034 decretum
949 3969 997 4034 rel
1028 3970 1106 4034 alias
1136 3967 1370 4052 quomodolibet

167 4070 210 4138 sit
231 4091 420 4155 processum.

255 4172 338 4249 Quas
354 4175 482 4257 quidem
496 4175 620 4241 litteras
636 4181 669 4242 et
691 4199 853 4263 processus
869 4180 994 4245 habitos
1016 4201 1073 4265 per
1095 4180 1218 4245 easdem
1240 4183 1271 4243 et
1294 4200 1370 4263 que-

167 4301 290 4362 cunque
317 4279 390 4343 inde
422 4286 529 4346 secuta
562 4283 602 4347 ad
624 4283 833 4350 Canonioatus
867 4289 898 4349 et
920 4285 1094 4370 prebendas
1124 4307 1160 4349 ao
1182 4285 1287 4348 decem
1310 4281 1369 4347 Ca-

166 4384 322 4469 pellanias
345 4389 376 4449 et
399 4385 580 4452 ltectorianr
603 4388 782 4454 huiusmodi
804 4391 950 4456 uolumus
973 4413 1036 4454 non
1060 4391 1196 4468 extendi,
1219 4390 1272 4454 sed
1296 4390 1369 4453 nul·

167 4491 235 4554 lum
265 4511 321 4574 per
351 4489 408 4556 hoe
437 4493 482 4558 eis
512 4496 614 4578 quoad
643 4497 870 4562 assecutionem
897 4497 1118 4563 beneficiorum
1140 4495 1274 4560 aliorum
1297 4516 1367 4579 pre-
