3464 5318
416 412 458 466 12.
478 411 574 468 Kaiscr
592 410 763 468 Friederichs
780 411 821 466 Ill
839 411 1026 482 Bestttigung
1047 412 1121 468 1486.
1327 415 1366 480 77

155 572 357 637 documentis
380 573 542 637 illustrare
559 573 731 658 cupientes,
755 594 816 656 quo
828 571 1002 636 Scolarium
1017 572 1187 636 multitudo
1211 593 1244 635 se
1260 573 1342 636 idem
1358 571 1369 608 ¹

156 677 321 742 confluens
351 676 531 742 habundius
564 700 596 742 se
630 677 853 762 locupletatam
886 677 1072 742 iocundetur
1102 678 1138 742 de
1166 677 1367 743 liberalitatis

156 785 268 846 nostre
293 781 514 846 munificencia
537 803 573 846 ac
601 779 779 866 imperialis
802 782 1000 846 auctoritatis
1022 785 1054 846 et
1075 783 1241 864 potestatis
1266 784 1368 867 pleni·

155 886 271 951 tudine
304 891 396 952 etex
420 891 506 952 certa
528 886 680 962 sciencia,
705 908 783 950 sano
805 885 989 970 Principum
1012 887 1174 951 Beronum
1197 886 1367 954 Procerum

154 991 325 1056 Nobilium
347 995 379 1056 et
400 992 541 1058 fidelium
566 995 744 1058 nostrorum
769 991 933 1056 accedente
957 991 1098 1071 consili0,
1135 993 1217 1058 dictu
1252 993 1368 1058 Comiti

156 1101 192 1162 et
214 1098 279 1162 suis
301 1098 469 1162 heredibus
492 1103 525 1163 et
547 1097 776 1163 successoribus
799 1098 993 1181 presencium
1017 1102 1126 1164 tenore
1142 1098 1314 1184 gratiosius
1331 1099 1369 1164 dc

156 1225 244 1268 nouo
268 1205 475 1280 concedimus,
499 1207 535 1268 vt
557 1224 680 1267 exnunc
703 1207 735 1267 et
757 1203 887 1266 inantea
909 1202 1069 1286 perpetuis
1084 1201 1200 1268 futuris
1217 1206 1368 1290 tempori·

155 1309 219 1372 bus
249 1331 356 1374 omnes
387 1315 419 1375 et
450 1309 593 1394 singulas
624 1307 876 1392 Imperiales
900 1307 1026 1393 Leges
1060 1308 1303 1374 constituciones
1336 1316 1369 1376 et

155 1435 343 1498 quecunque
366 1414 428 1478 alia
450 1412 530 1478 Jure
550 1413 730 1496 ubicunque
752 1415 784 1476 et
806 1434 825 1474 a
847 1411 1086 1495 quibuscunque
1116 1413 1201 1476 edita
1222 1418 1278 1478 aut
1293 1437 1367 1498 pro·

155 1517 311 1604 mulgatn,
336 1519 450 1602 quibus
473 1539 559 1582 sacre
582 1517 732 1582 memorie
749 1537 939 1601 precessores
955 1518 1058 1581 nostri
1072 1517 1209 1581 Romani
1225 1518 1367 1604 Impera·

155 1627 246 1688 tores
267 1622 325 1688 Jus
349 1625 632 1708 auctoritatemque
655 1623 823 1700 dederunt,
847 1622 881 1686 in
903 1622 1034 1707 prefatis
1056 1644 1163 1688 eorum
1180 1623 1279 1691 Scolis
1301 1649 1370 1711 per

156 1729 342 1813 ydoneas
371 1747 580 1814 personas
610 1728 784 1813 publice
814 1727 901 1812 legi
936 1750 972 1792 ac
1006 1731 1140 1793 exerceri
1171 1733 1202 1794 et
1230 1729 1369 1815 ipsarum

157 1832 330 1898 Auditores
353 1833 458 1920 dignis
473 1833 704 1899 honoribus
726 1837 766 1898 et
789 1832 993 1918 gradibus
1011 1834 1045 1898 in
1067 1833 1183 1898 eisdem
1203 1835 1368 1902 sublimari

157 1936 291 2002 faciant.

250 2042 461 2108 Decernentes
495 2046 528 2108 et
560 2043 619 2108 boc
648 2041 811 2128 Imperiali
832 2043 973 2110 volentes
996 2044 1107 2123 edicto,
1130 2049 1166 2110 vt
1188 2048 1368 2134 quicunque

159 2149 374 2233 cuiuscunque
396 2153 499 2213 status
522 2150 638 2235 gradus
651 2149 880 2234 preeminencie
890 2148 1031 2214 nacionis
1043 2154 1098 2215 aut
1112 2151 1223 2237 lingue
1238 2153 1368 2232 fixerint,

158 2255 329 2319 dummodo
352 2253 430 2318 alias
453 2254 530 2338 ipsis
556 2253 655 2319 nichil
678 2255 822 2340 legitime
843 2255 1002 2319 obstiterit
1024 2255 1063 2319 ad
1086 2255 1188 2320 locum
1211 2257 1370 2341 prefatum

159 2359 379 2438 confluxerint,
406 2359 504 2424 dictas
527 2358 712 2443 Imperialcs
735 2359 834 2445 Leges
857 2360 966 2425 docere
988 2359 1095 2424 audire
1118 2361 1152 2424 in
1184 2360 1300 2427 eisdem
1331 2364 1370 2427 ad

157 2465 277 2552 gradus
304 2465 414 2530 solitos
437 2469 470 2530 ct
492 2470 656 2530 consuetos
678 2465 858 2550 promoueri
873 2487 909 2530 ac
923 2465 1097 2542 sublimari,
1115 2486 1172 2530 nec
1187 2487 1251 2530 non
1267 2468 1370 2532 omni·

160 2573 222 2636 bus
245 2575 278 2634 et
301 2570 436 2655 singulis
458 2571 562 2635 titulis
584 2571 796 2656 dignitatibus
807 2571 1044 2655 preeminencys
1067 2569 1239 2635 honoribus
1262 2593 1371 2656 prero-

161 2676 282 2762 gatiuis
306 2697 342 2740 ac
364 2675 432 2761 alys
444 2675 576 2741 duribus
599 2675 904 2744 etlmmunitatibus
927 2677 1165 2760 quibuscunque
1186 2677 1232 2740 vti
1255 2677 1318 2740 frui
1341 2680 1373 2742 et

158 2781 296 2867 gaudere
318 2781 453 2859 valeant,
478 2783 740 2865 quemadmodum
762 2782 877 2866 reliqui
899 2781 1054 2868 Legum
1077 2780 1370 2866 Imperialium

158 2886 362 2952 Doctores
386 2883 624 2952 etScolares
646 2909 702 2972 per
717 2887 794 2952 alias
809 2887 915 2952 Scolas
937 2887 1040 2952 vbiuis
1063 2887 1097 2950 in
1120 2907 1206 2952 sacro
1223 2886 1368 2952 Romano

159 2991 299 3076 Imperio
321 2991 528 3056 consistentes
551 2993 589 3057 de
611 2991 689 3057 Jure
711 2993 763 3057 uel
786 2992 1011 3057 consuetudine
1032 2995 1165 3056 vtuntur
1181 2995 1213 3056 et
1228 2992 1369 3078 gaudent

159 3096 199 3161 In
225 3098 419 3162 contrarium
443 3097 634 3164 facientibus
656 3119 721 3162 non
744 3097 944 3180 obstantibus
975 3097 1223 3182 quibuscunque,
1256 3098 1371 3181 quibus

158 3223 218 3286 per
240 3206 400 3286 presentes
423 3223 569 3285 expresse
590 3203 735 3267 volumus
758 3224 824 3267 esse
846 3203 1041 3288 derogatum.

247 3305 340 3373 Nulli
368 3329 445 3392 ergo
475 3307 605 3372 omnino
637 3308 760 3374 bomini
791 3307 884 3372 licent
915 3307 998 3371 hanc
1030 3309 1137 3371 nostre
1159 3307 1369 3372 concessionis

158 3411 277 3477 decreti
299 3411 472 3476 voluntatis
495 3415 527 3476 et
549 3410 780 3498 derogacionis¹
795 3412 945 3496 paginam
968 3412 1143 3498 infringere
1165 3415 1220 3476 aut
1242 3411 1269 3474 ei
1293 3428 1372 3476 ausu

158 3517 329 3584 temerario
353 3538 415 3603 quo
439 3540 502 3602 quo
525 3517 617 3582 modo
641 3517 808 3582 contraire.
854 3515 888 3580 Si
903 3516 974 3600 quis
990 3521 1095 3582 autem
1107 3517 1167 3582 hoc
1182 3520 1372 3601 attemptare

159 3624 390 3708 presumpserit
400 3623 662 3709 Indignacionem
675 3626 817 3687 nostram
829 3623 1048 3709 grauissimam
1061 3626 1094 3686 et
1108 3643 1222 3706 penam
1238 3622 1371 3687 (lentum

160 3721 316 3794 librarum
340 3729 410 3793 auri
433 3728 514 3813 puri,
539 3749 672 3812 quarum
696 3749 791 3792 vnam
811 3729 886 3793 fisco
901 3733 1010 3794 nostro
1026 3725 1189 3811 Imperiali
1204 3726 1372 3811 Reliquam

159 3853 235 3898 vero
259 3834 459 3899 medietatem
481 3833 633 3897 iniuriam
659 3853 826 3916 passorum
849 3832 956 3896 vsibus
979 3831 1131 3917 applicari
1155 3831 1309 3908 volumus,
1340 3853 1373 3894 se

160 3939 288 4002 nouerit
310 3937 605 4002 irremissibibiliter
629 3938 830 4002 incursurum
853 3937 1054 4004 Presencium
1085 3937 1144 4002 sub
1175 3937 1276 4002 nostri
1307 3936 1373 4000 Inr-

160 4041 291 4127 perialis
315 4041 492 4107 Maiestatis
514 4041 619 4126 Sigilli
643 4041 836 4126 appensione
858 4042 1042 4108 testimonio
1065 4043 1238 4108 literarum.

254 4147 373 4212 Datum
389 4148 424 4211 in
440 4146 542 4230 Opido
558 4151 667 4212 nostro
684 4146 819 4212 Gretz.
847 4146 1001 4212 Vicesima
1017 4147 1068 4212 die
1081 4149 1199 4212 mensis
1214 4146 1372 4230 february,

162 4253 259 4318 Anno
290 4253 410 4317 domini
442 4251 612 4316 Millesimo
642 4251 961 4338 Quadringentesimo
992 4251 1213 4337 Octuagesimo
1247 4255 1370 4335 quarto.

240 4479 250 4529 l
272 4477 317 4530 fiir
335 4495 364 4532 se
381 4477 456 4532 idem
476 4477 548 4534 wohl
567 4477 669 4532 ibidem
688 4497 722 4532 zu
740 4478 823 4536 lesen.
