3504 5322
511 514 515 520 ·
587 478 703 534 Statuta
723 481 788 535 1477
808 497 834 534 u.
851 480 927 534 1505.
1290 479 1352 544 369

250 643 301 702 81.
334 637 474 716 Quilibet
497 639 594 704 eciam
616 636 674 702 sub
697 657 777 720 pena
798 635 919 700 dimidii
950 635 1062 700 floreni
1085 635 1352 700 commodum¹

162 743 283 826 aperire
305 747 448 809 tencatur
470 749 525 810 aut
555 743 649 808 aliam
680 761 898 824 quamcunque
929 741 1106 805 clausuram
1129 739 1352 823 quocienscun-

161 870 223 931 que
247 871 303 932 per
327 849 558 915 Conuentorem
581 869 675 932 super
697 867 733 910 eo
755 845 852 910 tuerit
874 846 1052 929 requisitus.

248 959 300 1020 82.
337 953 438 1019 Nerno
466 954 600 1037 denique
630 950 795 1016 lumina
824 951 859 1014 in
892 951 956 1015 suis
987 951 1142 1016 cubilibus
1174 955 1353 1037 inungendo

161 1057 317 1125 scintillas
347 1063 402 1125 aut
424 1059 550 1123 fauillas
582 1058 621 1122 nd
644 1057 826 1142 pauimenta
848 1056 954 1142 lignea
975 1057 1086 1122 domus
1113 1058 1265 1141 proiciat,
1296 1059 1354 1122 sub

161 1185 243 1248 pena
265 1169 400 1249 quatuor
423 1165 595 1230 solidorum
617 1164 648 1228 h.
672 1162 791 1227 tociens
814 1162 961 1246 quociens
983 1160 1100 1226 lecerit.

247 1275 298 1334 83.
324 1269 405 1334 Item
427 1270 535 1335 nullus
558 1268 741 1334 Barsalium
763 1289 901 1332 cenam
923 1267 1027 1331 facere
1049 1266 1162 1331 audeat
1184 1268 1235 1332 vel
1257 1291 1352 1352 pran-

164 1375 251 1440 dium
275 1379 363 1440 extra
386 1375 649 1440 Communitatem
674 1373 791 1451 Burse,
825 1373 885 1436 nisi
916 1395 1061 1457 expressa
1082 1370 1290 1439 Conuentoris
1312 1374 1352 1438 li-

162 1479 270 1543 cencia
290 1501 383 1564 super
406 1501 442 1544 eo
465 1480 604 1557 obtenta,
627 1478 686 1542 sub
709 1499 790 1561 pena
811 1477 903 1541 ruins
925 1477 1018 1542 solidi
1039 1477 1071 1541 h.
1116 1477 1205 1553 Quod
1229 1479 1257 1543 si
1279 1501 1351 1565 pro·

161 1587 288 1648 curator
309 1584 358 1648 vel
381 1585 461 1649 alius
483 1585 577 1648 burse
599 1583 735 1647 tamnlus
750 1603 806 1666 per
822 1604 855 1647 se
870 1587 925 1648 aut
940 1583 1038 1649 alium
1053 1585 1222 1667 quicquam
1246 1590 1355 1649 contra

162 1689 280 1754 dictum
302 1689 464 1756 facultatis
486 1693 640 1754 statutum
663 1688 794 1752 molitus
817 1689 931 1768 tuerit,
955 1689 1060 1754 soluat
1081 1711 1195 1774 penam
1219 1690 1351 1755 duorum

161 1795 336 1860 solidorum
357 1795 387 1860 h.

251 1904 302 1964 84.
336 1899 418 1964 Item
441 1898 524 1982 quod
546 1899 652 1963 nullus
675 1898 740 1963 siue
765 1897 988 1965 Baccalanreus
1011 1901 1077 1965 siue
1100 1900 1236 1968 Scolaris
1259 1903 1356 1968 aliurn

165 2004 268 2069 verbis
299 2010 354 2070 aut
376 2005 467 2071 lactis
496 2004 727 2070 contumeliosis
758 2008 791 2068 et
813 2004 1027 2090 opprobriosis
1057 2006 1175 2072 afficiat
1203 2010 1258 2072 aut
1287 2030 1355 2072 mo·

164 2111 280 2188 lestet,
303 2111 360 2176 sub
382 2133 463 2195 pena
491 2111 589 2174 trium
611 2110 782 2175 solidorum
811 2110 862 2186 h.;
898 2111 979 2196 quod
1012 2112 1040 2175 si
1069 2112 1199 2177 alicuius
1227 2113 1357 2177 offensio

165 2216 299 2280 verbalis
332 2216 382 2280 vel
413 2216 595 2281 etl'ectiualie
635 2215 783 2280 notabilis
821 2220 877 2280 aut
909 2221 1000 2280 atrox
1032 2217 1145 2294 tuerit,
1179 2218 1357 2282 Conuentor

165 2321 266 2386 Bursa
288 2321 497 2386 offendentem
521 2320 647 2386 Rectori
663 2319 888 2386 Vniuersitatis
911 2322 1099 2387 denunciare
1120 2323 1245 2405 poterit,
1269 2321 1356 2386 cuins

166 2425 296 2491 arbitrio
320 2447 400 2510 pena
422 2427 607 2511 iniungatnr
631 2426 784 2509 qualitate
807 2425 912 2491 delicti
935 2427 1138 2492 considerata.

250 2537 301 2596 85.
326 2529 407 2596 Item
430 2531 512 2595 idem
535 2531 648 2594 statuit
671 2531 709 2594 dc
732 2530 814 2609 illis,
839 2531 895 2614 qui
918 2531 1028 2596 vicinis
1049 2535 1105 2596 aut
1126 2531 1196 2596 aliis
1218 2532 1358 2597 honestis

169 2637 309 2721 personis
332 2635 414 2700 circa
436 2634 569 2700 Bursam
599 2634 714 2699 realem
737 2638 794 2699 aut
815 2635 971 2700 verbalem
1002 2635 1148 2700 iniuriam
1172 2640 1227 2700 aut
1249 2637 1357 2702 turba-

164 2742 287 2804 cioncm
317 2739 484 2804 intulerint
515 2740 563 2803 vel
591 2740 702 2804 saltem
733 2740 951 2806 instrumentis
980 2741 1106 2807 musicis
1139 2742 1277 2808 indebite
1312 2745 1359 2808 vsi

163 2845 329 2910 extiterint
351 2844 491 2927 aliasque
513 2845 664 2910 clamores
686 2849 719 2909 et
742 2847 893 2930 strepitus
915 2847 1047 2912 fecerint
1070 2847 1258 2913 indecentes.

252 2953 303 3013 86.
328 2947 409 3014 Item
431 2949 544 3014 statuit
565 2950 712 3027 facultas,
744 2950 827 3033 quod
855 2951 979 3014 nullum
1009 2951 1075 3016 eius
1106 2953 1302 3037 suppositum
1325 2955 1360 3019 in

166 3075 290 3118 camera
323 3055 372 3120 vel
405 3055 482 3120 alias
515 3055 548 3118 in
581 3075 766 3139 quocunque
796 3054 862 3119 loco
897 3077 1008 3119 arma
1037 3059 1189 3120 teneat.
1243 3056 1302 3123 Sed
1333 3063 1360 3124 si

164 3181 229 3242 qua
250 3159 366 3224 habeat
389 3160 580 3226 Conuentori
603 3159 702 3224 Bursa
724 3160 857 3224 indilate
881 3164 1056 3244 presentet,
1080 3162 1138 3226 sub
1160 3185 1241 3245 pena
1264 3165 1358 3229 arnis-

161 3263 261 3328 sionis
286 3287 446 3330 armorum
471 3265 664 3330 Conuentori
688 3266 956 3350 applicandorum.

251 3374 302 3434 87.
326 3369 445 3435 Statuit
469 3371 580 3450 eciam,
614 3371 695 3454 quod
718 3371 884 3455 supposita
906 3370 1068 3436 facultatis
1091 3394 1153 3437 non
1178 3374 1278 3458 magis
1302 3379 1358 3438 ta-

161 3473 291 3538 berne
314 3479 433 3554 vacent,
458 3475 722 3541 dimicatura
753 3481 808 3540 aut
840 3475 1103 3560 quinterne²
1137 3501 1230 3561 quam
1255 3478 1359 3562 philo-

42 3591 45 3600 '
164 3577 293 3662 sophie,
324 3601 425 3664 neque
454 3581 571 3645 ducant
602 3586 656 3644 aut
678 3581 808 3645 visitent
838 3581 1011 3646 choreas
1040 3584 1185 3667 precipue
1208 3584 1358 3668 publicas,

163 3682 224 3747 sub
246 3705 328 3768 pena
351 3686 584 3750 retardacionis.

252 3790 303 3852 88.
329 3788 419 3868 Item,
444 3792 525 3873 qnod
544 3791 571 3855 si
587 3791 657 3875 quis
674 3790 855 3856 Barsalium
871 3815 941 3857 cum
964 3800 1164 3881 suspecta
1185 3795 1360 3860 muliere

237 4013 399 4069 iti-emach.

234 4103 251 4154 2
269 4101 428 4158 bezeichnet
442 4104 546 4160 sowohl
559 4103 698 4160 Trommel
719 4106 774 4160 und
788 4105 935 4177 Trompete
953 4107 995 4162 als
1008 4107 1104 4173 Laute,
1123 4109 1199 4163 steht
1217 4109 1284 4164 aber
1302 4107 1362 4162 hier

164 4185 351 4243 irrthtimlich.
403 4190 453 4245 Die
477 4191 626 4246 Wiener
650 4193 830 4248 Statutcn
864 4213 918 4250 von
948 4197 1014 4250 1385
1039 4196 1181 4250 schreibcn
1209 4197 1360 4251 ebcnfolls:

165 4272 285 4330 Sceleris
303 4293 358 4332 non
377 4279 457 4332 vacet
475 4279 567 4348 magis
585 4281 701 4336 taberne
720 4281 884 4338 dimicatura
903 4285 954 4338 aut
972 4285 1126 4353 quintcme,
1145 4302 1230 4354 quani
1248 4284 1362 4352 Physica

165 4367 218 4418 aut
236 4365 337 4434 Logice
356 4383 403 4420 seu
421 4385 468 4422 sue
486 4368 632 4430 facultati.
657 4388 706 4425 nec
730 4371 814 4425 ducat
839 4371 948 4442 publice
965 4370 995 4427 in
1022 4373 1082 4428 vico
1101 4372 1235 4428 choream.
1272 4371 1308 4425 Es
1325 4372 1362 4426 ist

167 4449 212 4504 dic
229 4451 406 4520 quinteno
434 4453 499 4510 oder
526 4455 703 4526 quintana
731 4460 867 4528 gemeint,
897 4462 941 4515 ein
970 4461 1150 4531 Reiterspiel:
1176 4461 1226 4516 das
1245 4462 1362 4517 Stechen

167 4537 240 4594 nach
260 4539 310 4594 der
326 4541 430 4613 Puppe.

219 4645 349 4687 Urlrunrlsn
362 4649 403 4688 der
417 4649 445 4691 U.
459 4647 587 4704 Tdblngen.
905 4635 925 4683 ο
1121 4639 1155 4693 24
