3462 5320
343 464 407 528 224
720 461 764 516 41.
782 460 915 515 Statuten
933 459 959 528 d,
978 459 1013 514 U.
1031 477 1087 516 von
1106 461 1183 517 1537.

430 620 470 684 In
500 641 639 686 muros
669 618 816 702 oppidi
839 642 878 684 ne
901 619 973 703 quis
994 619 1198 697 conscendat,
1227 641 1307 684 neue
1336 620 1400 685 alia
1421 619 1455 683 in
1478 619 1548 684 loca
1638 615 1640 618 ’

280 782 282 788 ,
341 725 470 810 publica
491 745 557 789 sese
580 723 697 789 inferat
719 725 776 787 aut
799 723 949 804 insinuet,
973 725 1055 790 vnde
1070 747 1103 790 se
1118 725 1224 790 abesse
1246 724 1359 790 debere
1375 723 1545 809 intelliget.

759 897 808 964 De
830 896 963 964 Famoso
986 898 1119 964 Libello.

429 1035 531 1101 Nemo
553 1035 697 1100 omnium
720 1034 804 1098 ausit
825 1035 928 1099 ullum
949 1035 1105 1102 libello
1133 1037 1307 1126 famoso,
1326 1059 1362 1103 ac
1384 1042 1547 1104 contume-

341 1141 420 1207 lioso
449 1142 566 1225 scripto
596 1142 750 1206 incessere
780 1144 876 1224 atquc
907 1141 1071 1207 infamare.
1124 1141 1163 1206 In
1193 1165 1255 1227 qua
1289 1147 1381 1228 parte
1403 1144 1492 1207 laesos
1515 1163 1549 1206 se

343 1246 599 1310 existimantibus
629 1244 708 1310 iuris
729 1245 881 1310 beneficio
917 1251 1012 1331 atque
1045 1248 1166 1312 auxilio
1201 1253 1407 1314 succurretur.
1463 1247 1547 1323 Quin

344 1350 451 1430 etiam,
477 1352 646 1436 quicquam
661 1351 751 1414 edere
767 1350 923 1416 librorum
939 1355 1201 1438 scriptorumque,
1225 1375 1422 1438 quacumque
1438 1353 1548 1438 lingua

344 1462 376 1522 et
400 1477 587 1541 quocunque
610 1459 809 1541 argumento,
833 1457 916 1541 apud
932 1479 989 1522 nos
1013 1479 1193 1523 concessum
1209 1458 1291 1522 nulli
1313 1460 1365 1539 sit,
1390 1457 1453 1523 nisi
1474 1479 1547 1542 per-

342 1563 440 1627 missu
451 1561 595 1628 Rectoris
619 1560 862 1626 etDecanorum
887 1567 1032 1646 quatuor,
1056 1563 1172 1647 quibus
1187 1564 1295 1628 omnic
1317 1564 1405 1648 prius
1429 1562 1547 1649 scriptu

342 1689 438 1752 quam
462 1667 548 1751 typis
579 1665 774 1730 excudentur
805 1665 913 1730 offerri
941 1666 1137 1751 inspiciendo
1168 1668 1335 1733 debebunt.
1379 1666 1454 1732 Nisi
1477 1666 1548 1751 quis

341 1774 467 1852 fecerit,
502 1774 558 1836 aut
580 1773 608 1835 si
629 1772 694 1836 illis
717 1771 901 1836 notantibus
923 1772 1078 1857 scriptum
1100 1796 1192 1838 snum
1216 1774 1393 1858 euulgarit,
1417 1773 1451 1836 in
1475 1793 1547 1835 eum

340 1877 502 1942 arbitratu
526 1876 671 1943 Rectoris
694 1874 932 1943 animaduersio
955 1879 1172 1945 constituetur.

379 2039 560 2138 Sequuntur
575 2053 696 2116 statuta
718 2052 863 2135 quaedam
884 2051 907 2118 J
915 2051 1153 2119 uditiorum
1176 2057 1216 2121 et
1238 2053 1512 2140 Cognitionis

750 2179 972 2224 causarum
995 2179 1061 2244 cap.
1089 2163 1138 2224 18.
1256 2169 1271 2194 ‘

428 2297 463 2364 si
484 2299 603 2364 litem
624 2299 856 2365 Vniuersitatis
880 2299 1080 2365 Scholasticis
1113 2300 1192 2365 ciuis
1206 2299 1286 2364 'cum
1309 2298 1467 2384 oppidano
1488 2297 1547 2363 ha·

342 2405 447 2469 buerit
469 2403 686 2470 controuersia
708 2407 787 2468 nata
810 2405 848 2490 ijs
871 2405 1078 2490 temporibus,
1107 2405 1221 2489 quibus
1244 2404 1421 2469 studiorum
1443 2404 1549 2490 gratia

343 2510 479 2588 alluerit,
503 2509 529 2574 is
553 2509 655 2596 igitur
677 2509 875 2593 oppidanum
890 2511 975 2575 intra
990 2510 1142 2596 oppidum
1159 2509 1362 2592 Tubingense
1378 2509 1548 2574 conueniat

342 2619 374 2679 et
397 2636 502 2678 coram
527 2613 615 2678 illius
639 2613 774 2691 iuditio,
808 2635 908 2698 neque
939 2614 1008 2679 foro
1032 2619 1162 2679 externo
1185 2618 1302 2679 utatur.
1347 2611 1453 2678 Etiam
1476 2635 1547 2678 exe·

342 2719 502 2784 cntionem
524 2723 557 2783 et
579 2717 797 2783 definitionem
820 2718 887 2782 litis
912 2719 1064 2783 admittat
1080 2719 1117 2784 dc
1140 2719 1298 2784 sententie
1312 2718 1451 2783 iudicum
1474 2719 1545 2783 illo·

343 2845 424 2901 rum,
448 2822 511 2888 nisi
533 2823 616 2887 forte
638 2823 671 2886 hi
696 2823 732 2886 in
752 2823 820 2888 iure
850 2824 1100 2889 administrando
1123 2825 1322 2911 negligentes
1345 2829 1400 2888 aut
1422 2823 1545 2888 remissi

343 2928 470 2993 fuerint.
517 2927 578 3002 Qui
601 2934 713 2993 contra
739 2927 850 2993 fecerit
871 2933 967 3013 atquc
992 2934 1042 2994 ter
1056 2931 1196 2996 monitus
1218 2933 1337 2999 contra,
1350 2931 1450 2994 facere
1473 2950 1545 3013 per·

341 3033 467 3112 rexerit,
491 3033 630 3117 periurio
653 3033 784 3098 infamis
811 3034 954 3099 habetor.

430 3137 614 3221 Quicunque
636 3159 692 3203 suo
715 3139 769 3204 uel
793 3140 928 3204 aliorum
951 3143 1080 3206 nomine
1111 3162 1218 3206 causas
1242 3140 1418 3205 iuditiarias
1442 3160 1547 3204 eoram

342 3245 452 3307 nostro
468 3243 744 3311 Consistorio
766 3249 877 3330 agunt,
901 3246 951 3309 illi
968 3269 1070 3331 neque
1093 3246 1185 3312 dictis
1207 3268 1309 3330 neque
1324 3245 1450 3330 scriptis
1472 3265 1546 3308 con·

343 3348 518 3413 tumeliosis
546 3369 580 3412 se
603 3348 738 3413 inuicem
762 3351 893 3429 laedere,
925 3352 977 3416 scd
1010 3353 1078 3417 sine
1107 3352 1237 3417 alterius
1269 3351 1386 3415 iniuria
1408 3349 1547 3414 modeste

343 3475 401 3518 sna
422 3474 600 3537 proponere
622 3453 790 3519 debebunt.
837 3455 896 3530 Qui
921 3477 996 3522 uero
1011 3463 1123 3523 contra
1138 3458 1279 3536 fecerint,
1303 3457 1405 3522 sciant
1427 3477 1460 3520 se
1482 3475 1546 3539 pee-

342 3571 418 3623 nam
440 3560 491 3623 uel
514 3559 648 3623 multam
679 3581 717 3623 er
751 3560 885 3625 arbitrio
907 3559 1051 3628 Rectoris
1084 3567 1116 3628 et
1145 3583 1337 3628 assessorum
1359 3561 1437 3647 ipsis
1460 3557 1545 3624 inlli-

343 3663 479 3750 gendam
501 3664 682 3729 incursuros
705 3685 781 3727 esse.

431 3770 587 3835 Proeterea
610 3769 636 3834 si
659 3773 725 3834 tam
749 3769 859 3854 grauis
882 3774 932 3834 est
954 3774 1185 3852 controuersia,
1209 3776 1246 3838 ut
1268 3791 1390 3836 necesse
1412 3769 1454 3832 sit
1476 3787 1548 3830 eam

343 3875 469 3956 scriptis
501 3896 696 3959 proponere,
733 3873 850 3940 Rector
873 3879 905 3940 et
929 3876 1160 3943 consistoriales
1193 3900 1250 3962 pro
1273 3873 1494 3961 magnitudine
1516 3874 1548 3935 et

345 3980 595 4065 circumstantijs
619 4001 719 4046 causae
742 3981 946 4068 ligitantibus
977 3986 1095 4048 certum
1121 3988 1247 4068 tempus
1269 3978 1471 4066 praescribere
1493 3976 1547 4039 de·

343 4088 431 4166 bent,
456 4086 542 4151 intra
565 4087 648 4170 quod
672 4109 709 4151 ea
731 4109 802 4171 qnae
824 4087 921 4152 iudici
944 4087 1091 4153 exhibere
1112 4088 1222 4153 uolent
1251 4086 1335 4152 binis
1358 4081 1547 4167 exemplari·

343 4193 401 4256 bus
424 4195 457 4256 et
479 4193 611 4259 alternis
633 4192 761 4258 uicibus
784 4190 921 4258 Notario
944 4193 1055 4257 offerre
1077 4193 1257 4258 iubeantur.
1311 4189 1400 4266 Quod
1422 4189 1449 4254 si
1470 4209 1546 4253 uero

346 4298 446 4382 aliqui
469 4297 551 4364 hanc
574 4299 824 4385 praefinitionem
846 4298 998 4382 temporis
1013 4319 1075 4362 non
1092 4296 1339 4376 obseruauerint,
1364 4295 1431 4359 sine
1454 4291 1545 4378 prin-

343 4403 460 4486 cipales
478 4404 655 4490 ligitatores
675 4404 743 4468 siue
758 4408 976 4488 procuratores
992 4404 1044 4468 uel
1058 4402 1204 4468 aduocati
1220 4403 1348 4481 fuerint,
1371 4423 1422 4466 eos
1438 4419 1546 4464 omnes

342 4507 461 4580 Rector
484 4513 517 4574 et
539 4509 720 4574 Assessores
744 4509 871 4596 integro
892 4508 944 4575 uel
968 4508 1132 4576 dimidiato
1154 4508 1292 4588 florere,
1325 4513 1421 4591 prout
1442 4507 1547 4572 nisum
