3460 5314
355 455 418 520 340
814 450 945 505 Facultas
963 449 1084 503 Artium.

351 613 516 690 commisit,
539 612 667 700 signare
688 614 848 687 tenentur,
872 609 931 673 sub
953 631 1036 692 pena
1065 608 1292 674 retardationis
1315 608 1350 670 in
1371 606 1488 682 finem,
1521 607 1559 666 vt

352 725 494 804 tempore
523 717 724 783 admissionis
756 717 795 780 ad
826 717 1021 799 temptamen
1051 735 1145 797 super
1178 713 1238 796 hijs
1262 734 1367 777 coram
1401 710 1554 774 facultate

351 827 504 909 deponere
527 827 559 887 et
580 822 849 906 dispensacionem
871 824 977 903 petere
999 818 1107 902 possit.

441 935 491 994 32.
516 929 658 1013 insuper,
682 949 722 992 ne
744 924 940 991 Baccalaurii
962 928 1018 987 aut
1041 921 1181 988 Scolares
1212 922 1252 986 ab
1274 923 1449 986 actibus
1471 921 1488 985 f
1494 942 1556 985 or-

351 1160 421 1203 cum
444 1161 500 1204 suo
522 1140 840 1222 predecessore,
864 1135 978 1219 quibus
993 1134 1028 1198 in
1051 1134 1110 1198 hac
1132 1139 1223 1219 purte
1245 1135 1435 1200 uniuersitas
1459 1139 1555 1218 atque
1630 1213 1635 1221 ι

350 1244 481 1309 artium.
501 1244 561 1308 fac.
596 1243 751 1308 tributam
774 1243 967 1325 potestatem
990 1240 1062 1304 siue·
1080 1239 1330 1304 iurisdictionem
1352 1262 1419 1304 esse
1442 1238 1555 1304 volunt

353 1352 449 1432 atque
472 1348 643 1426 declarant,
667 1349 701 1411 in
727 1347 863 1411 notoriis
892 1346 930 1410 de
954 1346 1050 1429 plano
1072 1349 1105 1409 ct
1126 1345 1195 1409 sine
1218 1346 1295 1409 iuris
1317 1345 1454 1429 strepitu
1477 1365 1553 1430 cog·

351 1453 501 1518 noscendi
530 1457 562 1517 et
594 1452 781 1517 decernendi
813 1455 997 1535 competere.
1044 1449 1083 1513 In
1114 1449 1186 1513 aliis
1217 1449 1392 1514 excessibus
1418 1449 1554 1514 decanus

350 1557 495 1623 facultati
511 1559 688 1637 denunciet,
713 1561 748 1622 ut
764 1556 900 1621 facultas
917 1559 995 1639 ipsa,
1018 1553 1232 1637 appellatione
1247 1558 1377 1631 remota,
1401 1554 1438 1618 de
1456 1554 1553 1639 plano

352 1666 384 1726 ct
407 1663 476 1727 sine
503 1664 638 1747 strepitu
662 1663 742 1726 iuris
766 1665 935 1746 cognoscat
959 1662 1054 1743 atque
1086 1659 1233 1722 decernat
1254 1681 1351 1743 penas
1374 1663 1555 1744 transgres-

350 1767 473 1832 soribus
501 1767 707 1852 infligendas,
743 1768 832 1830 iuxta
867 1787 1007 1833 excessus
1039 1765 1226 1849 qualitatem
1258 1787 1294 1829 ac
1319 1764 1395 1828 facti
1419 1765 1553 1829 circum-

352 1873 513 1950 stantiam,
530 1877 624 1956 atque
644 1872 814 1936 secundum
831 1869 1141 1956 incorrigibilitatem
1163 1869 1212 1933 vel
1228 1873 1426 1951 contemptus
1451 1891 1553 1952 quan·

349 1977 486 2041 titatcm.

437 2080 494 2144 Sin
517 2085 621 2145 autern
657 2081 792 2165 predicti
816 2080 932 2145 iudices
955 2101 1019 2144 non
1052 2077 1327 2158 eoncordauerint,
1361 2078 1553 2162 adiungatur

352 2184 469 2249 eisdem
502 2185 636 2250 decanus
667 2184 830 2250 facultatis
859 2184 1038 2270 theologice
1061 2205 1120 2268 pro
1150 2189 1310 2267 tempore,
1344 2184 1394 2247 cui
1417 2183 1553 2248 similem

349 2290 504 2354 tributam
528 2293 598 2356 vult
620 2291 812 2356 uniuersitas
836 2313 902 2356 esse
925 2293 1125 2374 potestatem.

349 2461 768 2549 Dedisputationc
798 2437 1134 2549 magistrorum
1166 2465 1385 2546 quantum
1416 2463 1466 2526 ad
1490 2485 1552 2526 ar-

840 2573 1056 2655 guentes

435 2707 590 2793 Magister
610 2710 718 2773 volens
741 2730 874 2794 arguere
890 2707 1113 2793 disputationis
1136 2708 1239 2772 locum
1263 2707 1462 2791 ingrediatur
1484 2705 1552 2770 ho-

348 2819 469 2878 neste
491 2815 700 2891 vestitus,
725 2836 797 2878 cum
822 2815 941 2898 capicio
965 2818 997 2878 et
1019 2813 1138 2876 birrcto
1162 2813 1294 2877 decenti.

436 2917 514 2982 Item
539 2917 690 3002 magister
712 2941 768 2983 suo
783 2919 893 2983 ordine
916 2923 948 2982 et
963 2919 1031 2982 loco
1046 2918 1263 3002 argumentari
1286 2923 1318 2982 et
1340 2923 1413 3001 post
1435 2917 1550 2982 deduc·

346 3025 467 3089 tionem
489 3045 619 3088 suorum
648 3029 909 3109 argumentorum
931 3024 965 3086 iu
988 3023 1057 3086 loco
1089 3021 1329 3105 disputationis,
1361 3023 1460 3087 donec
1482 3046 1550 3087 ma-

347 3129 448 3213 gister
471 3150 542 3192 eum
565 3149 697 3212 sequens
722 3151 778 3193 sua
793 3132 982 3214 argumenta
998 3127 1170 3206 deduxerit,
1194 3148 1379 3211 permanere
1394 3133 1550 3207 tencatur,

350 3233 408 3297 sub
430 3254 512 3316 pena
535 3233 724 3317 priuationis
747 3233 988 3317 presentiarum.

433 3336 467 3402 Si
490 3359 564 3402 uero
587 3338 702 3422 aliquis
726 3339 952 3424 magistrorum
985 3343 1115 3422 propter
1146 3337 1312 3402 lectionem
1336 3338 1475 3422 aliquam
1499 3361 1551 3403 or-

350 3443 507 3506 dinariam
529 3442 672 3506 ordinem
696 3448 729 3507 et
751 3443 852 3508 locum
877 3465 969 3507 suum
992 3442 1177 3526 neglexerit,
1202 3448 1234 3506 ct
1256 3465 1324 3506 eam
1348 3465 1473 3508 eausam
1496 3443 1551 3506 de-

346 3568 423 3611 cano
446 3547 656 3632 allegauerit,
690 3547 821 3612 habebit
843 3549 977 3612 decanus
1009 3548 1098 3611 iuxta
1120 3567 1252 3631 persone
1276 3547 1463 3630 qualitatem
1485 3547 1550 3610 dis·

344 3672 481 3728 cernere,
503 3655 536 3714 et
559 3651 585 3714 si
609 3651 684 3718 talis
707 3652 760 3731 sit,
785 3653 840 3736 qui
863 3675 898 3716 eo
932 3656 1074 3735 tempore
1095 3650 1245 3715 lectiones
1268 3653 1397 3716 visitare
1419 3674 1550 3718 consue-

344 3756 402 3835 uit,
426 3756 559 3820 eundem
582 3756 610 3819 si
632 3779 688 3821 sua
704 3762 902 3844 argumenta,
926 3761 960 3820 vt
976 3757 1073 3833 decet,
1097 3756 1269 3834 deduxerit,
1294 3757 1461 3841 presentijs
1484 3779 1549 3821 non

345 3860 494 3944 priuabit.

431 3964 512 4028 Item
530 3986 591 4048 quo
616 3966 716 4048 major
732 3965 765 4029 in
782 3967 995 4050 disputatione
1010 3968 1195 4031 obseruetur
1211 3966 1358 4031 honestas
1381 3971 1545 4032 admatu-

344 4071 431 4148 ritas,
455 4069 558 4133 voluit
574 4070 672 4134 eciam
687 4070 831 4150 facultas,
854 4077 889 4137 vt
905 4073 1057 4158 magister
1071 4093 1217 4156 arguens,
1241 4070 1391 4134 latinis
1409 4074 1448 4134 et
1471 4093 1549 4134 non

343 4174 587 4238 teutonicis
621 4182 735 4261 arguat
764 4177 890 4253 verbis,
915 4199 954 4240 ne
975 4177 1083 4260 potius
1106 4177 1221 4254 risum,
1256 4198 1349 4261 quam
1374 4176 1548 4241 utilitatem

343 4279 533 4363 disputando
555 4286 749 4364 promoucat,
774 4304 856 4367 pena
879 4283 937 4346 sub
961 4283 1076 4346 eadem.

429 4382 511 4448 Item
533 4385 640 4449 nullus
664 4407 800 4471 arguens
823 4388 907 4450 vltra
930 4387 994 4450 tria
1016 4391 1205 4473 argumenta
1219 4391 1387 4471 proponat,
1412 4409 1548 4471 quorum

343 4488 404 4554 duo
427 4491 582 4554 duntaxat
606 4490 755 4572 deducat,
779 4493 837 4557 sub
861 4514 944 4575 pena
966 4492 1155 4575 priuationis
1179 4493 1429 4576 presentiarum,
1466 4496 1498 4555 et
1522 4493 1547 4554 si
