3464 5318
496 489 538 543 37.
556 485 748 541 Reformatiun
766 486 815 540 der
832 485 914 540 Univ.
935 487 1055 541 lancee.
1254 529 1261 544 .
1312 486 1371 550 161

699 802 702 808 ’
741 785 801 856 37.

362 977 620 1050 Reformation
648 976 712 1048 der
739 976 972 1049 Universitat
1003 976 1178 1048 1534.3r'›.

258 1170 437 1254 Postquam
459 1169 509 1233 Ill.
534 1168 684 1251 Princeps
718 1168 826 1230 literas
850 1167 888 1231 ad
912 1167 1148 1231 vniuersitatem
1171 1167 1276 1245 misit,
1301 1167 1372 1251 qui-

173 1274 231 1338 bus
254 1275 364 1358 petiit,
397 1297 437 1339 ne
467 1274 688 1338 reformatores
717 1271 868 1335 vellemus
897 1272 1069 1356 impedire,
1101 1274 1161 1337 duo
1183 1269 1271 1334 missi
1295 1275 1371 1335 sunt

172 1380 211 1444 ad
234 1379 428 1446 Anssosrun
451 1379 584 1444 Banasa
606 1381 638 1442 et
660 1376 807 1441 Sincunn
838 1375 998 1441 Geunnun
1025 1376 1092 1440 scil.
1116 1374 1155 1439 D.
1180 1375 1375 1440 Banmrasna

174 1483 364 1566 [litulielin]
398 1487 431 1550 et
454 1483 492 1550 D.
516 1481 645 1546 Parrus
677 1477 805 1554 annn,
837 1479 892 1562 qni
923 1478 967 1542 eis
998 1480 1214 1544 visitatoribus
1247 1482 1375 1545 nomine

172 1589 388 1654 vniuersitatis
418 1589 670 1673 proposuerunt,
703 1583 858 1667 quomodo
882 1582 1082 1648 Vniuersitas
1111 1589 1223 1669 parata
1245 1585 1303 1664 sit,
1337 1589 1374 1649 ut

178 1715 287 1759 omnes
310 1694 448 1758 delectus
474 1690 659 1775 deprehensi
682 1690 934 1766 emendarentur,
959 1695 991 1754 et
1013 1712 1109 1774 snpra
1130 1693 1207 1756 alias
1230 1692 1270 1755 ad
1292 1691 1374 1754 idem
1479 1694 1483 1704 '

175 1801 286 1883 parata
315 1797 424 1863 fuerit.
478 1795 598 1872 Quibus
626 1817 813 1879 responsum
844 1799 892 1860 est
921 1795 960 1859 ab
992 1797 1155 1861 Anasosro
1182 1796 1314 1861 Banasa
1344 1798 1376 1858 et

179 1902 301 1968 Sruonn
325 1901 469 1981 Gnosso,
494 1902 578 1986 quod
601 1901 800 1966 Vniuersitas
823 1899 935 1965 debeat
957 1901 1120 1985 concipere
1142 1923 1214 1966 suos
1237 1901 1375 1965 defectus

177 2012 209 2072 et
231 2008 293 2091 ipsi
317 2029 440 2092 quoquc
462 2007 664 2092 perlustratis
680 2007 823 2072 omnium
840 2007 1027 2071 lectionibus
1043 2008 1180 2072 detectus
1204 2007 1375 2091 deprehen-

176 2133 227 2175 sos
249 2111 352 2175 velint
373 2112 511 2198 principi
534 2111 679 2177 scribere.

281 2216 343 2302 Qui
364 2218 544 2284 visitatores
564 2240 636 2283 cum
661 2219 715 2283 diu
738 2218 901 2304 negotium
916 2218 1089 2296 tardarent,
1111 2219 1300 2283 vniuersitas
1324 2242 1376 2284 ve-

176 2321 247 2399 rita,
271 2342 310 2384 ne
332 2322 401 2405 ipsa
416 2322 577 2386 tarditatis
596 2323 843 2402 insimularetur,
867 2325 911 2387 eis
934 2323 1119 2400 insinuauit,
1144 2326 1226 2409 quod
1241 2326 1377 2389 libenter

176 2428 272 2492 vellet
295 2428 339 2491 eis
360 2427 467 2511 aliqua
489 2449 673 2512 proponere,
697 2428 808 2493 horam
831 2430 941 2494 saltem
965 2430 1042 2514 ipsis
1064 2430 1304 2494 conuenientem
1327 2429 1377 2491 in-

176 2532 279 2597 dicare
300 2531 429 2596 vellent.
476 2532 545 2608 Quo
578 2533 663 2598 facto
694 2534 881 2598 uniuersitas
911 2534 955 2599 eis
977 2538 1077 2598 totam
1101 2539 1238 2599 mentem
1261 2554 1376 2616 propo·

176 2639 249 2716 suit,
272 2639 354 2723 quod
377 2638 632 2722 quandoquidem
664 2639 714 2704 Ill.
739 2638 889 2724 Princeps
919 2638 1095 2722 scripsisset
1120 2645 1156 2703 ut
1179 2640 1377 2704 euidentibus

175 2741 346 2806 defectibus
362 2744 553 2808 consulturis
569 2744 734 2808 Anuaosro
757 2745 889 2809 Barnun
915 2750 947 2809 et
961 2745 1076 2810 Srnour
1092 2745 1225 2810 Gaunno
1248 2745 1375 2809 vniuer-

176 2849 253 2913 sitas
276 2853 308 2913 et
331 2851 625 2933 superattendentcs
648 2873 713 2915 non
737 2852 886 2916 deberent
908 2873 974 2916 esse
991 2852 1217 2936 impedimento
1240 2849 1293 2914 sed
1318 2869 1375 2932 po-

175 2955 239 3017 tius
262 2954 450 3033 adiumento,
475 2960 511 3019 ut
536 2956 698 3039 negotium
714 2960 837 3021 mature
859 2961 1141 3034 consummaretur,
1165 2955 1235 3040 ipsa
1250 2954 1376 3018 vniuer-

176 3059 262 3144 sitas,
283 3065 459 3138 vereretur,
494 3083 533 3125 ne
556 3060 624 3144 ipse
645 3060 786 3125 Illustris
819 3065 930 3126 contra
962 3062 1201 3126 vniuersitatem
1233 3059 1378 3145 segnitiei

176 3169 281 3246 posset
303 3165 489 3230 insimulare
511 3165 698 3248 ideoquene
721 3167 1007 3250 procrastinarctur
1030 3166 1193 3250 negotium
1216 3169 1249 3228 et
1270 3164 1376 3228 crede-

177 3271 264 3331 retur
296 3269 534 3335 vniuersitatem
569 3292 636 3334 esse
669 3271 703 3334 in
732 3293 840 3349 cansa,
872 3277 1012 3336 vocasset
1045 3271 1089 3334 eis
1121 3273 1154 3334 et
1185 3269 1267 3332 sicut
1289 3269 1377 3351 prius

178 3371 375 3452 dictumest,
401 3376 484 3458 quod
507 3376 577 3459 ipsa
599 3379 680 3438 esset
712 3380 824 3458 parata
846 3376 885 3438 ad
909 3375 1161 3439 emendationem
1184 3373 1378 3438 euidentiam

180 3477 368 3556 defectuum,
392 3483 548 3562 quatenus
572 3480 713 3563 ipsorum
728 3480 919 3544 couscientia
942 3485 973 3544 et
997 3480 1101 3544 iurata
1123 3479 1281 3544 ordinatio
1304 3500 1376 3562 per·

177 3583 326 3647 mitteret.
382 3583 449 3667 Ipsi
480 3585 658 3649 visitatores
690 3586 919 3670 responderunt
941 3586 1158 3662 vniuersitati,
1190 3585 1273 3668 quod
1296 3585 1378 3647 bono

177 3687 302 3752 deberet
332 3709 398 3752 esse
427 3689 533 3754 animo
562 3694 594 3754 et
626 3689 666 3753 ab
697 3689 783 3754 omni
806 3713 882 3754 cura
903 3691 1019 3768 libera,
1053 3712 1150 3775 quum
1173 3690 1255 3754 bene*
1275 3692 1379 3753 essent

178 3793 415 3857 uniuersitatem
439 3794 522 3877 apud
538 3793 718 3878 Principem
737 3799 925 3875 excusaturi,
949 3819 1007 3862 nec
1028 3797 1122 3861 citius
1144 3797 1284 3880 potuisse
1305 3817 1379 3879 pro-

177 3898 251 3962 cedi.
305 3897 452 3962 (leternm
483 3921 545 3982 quo
575 3901 613 3963 ad
644 3900 899 3966 reformationem
930 3902 992 3987 ipsi
1024 3903 1206 3966 visitassent
1238 3901 1380 3966 omnium

180 4001 331 4066 lectiones
355 4007 387 4066 et
410 4024 472 4067 non
497 4004 687 4088 reperissent
710 4007 864 4071 notabiles
888 4007 1026 4071 delectus
1052 4008 1130 4091 quin
1153 4006 1266 4091 quibus
1288 4004 1381 4069 facile

178 4108 294 4171 mederi
316 4113 431 4192 posset,
455 4110 548 4174 modo
564 4111 752 4176 vniuersitas
775 4113 929 4196 reciperet
945 4113 1095 4196 pietatem
1111 4118 1143 4176 et
1167 4110 1377 4195 euangelium.

176 4210 244 4276 Nec
267 4213 406 4297 ipsorum
437 4220 518 4279 esset
546 4216 689 4279 animum
720 4217 851 4281 alicuius
882 4239 1015 4301 persone
1046 4218 1294 4295 incommodare,
1327 4217 1380 4281 sed

176 4317 321 4382 omnibus
345 4318 461 4382 fauere.

274 4423 472 4489 Examinatis
503 4430 610 4492 tamen
644 4426 779 4512 singulis
811 4426 969 4511 theologie
1000 4426 1181 4492 doctoribus
1212 4431 1243 4490 et
1273 4427 1382 4492 audita

228 4545 359 4586 Urkunden
374 4547 415 4586 der
428 4547 457 4588 U.
470 4547 601 4598 ubingen.
1138 4532 1167 4586 ll
