3462 5314
763 447 850 506 1485.

204 615 256 675 42.
279 609 490 694 Murquerdus
512 608 550 673 de
572 608 702 694 Lepide,

204 719 255 780 43.
280 714 488 779 Berehtoldus
510 713 549 777 de
572 711 694 796 Lepide
718 710 833 776 fratres
855 712 972 776 eodem.

204 823 255 882 44.
280 817 466 884 Dominious
489 815 671 882 Meohdorff
692 815 730 880 de
752 815 902 880 Pfortzen
924 815 990 879 001.
1015 815 1074 881 110.

204 928 256 988 45.
280 923 483 988 Sebastianus
505 921 621 987 Lotzer
644 921 681 986 de
704 921 803 987 Horw
826 921 861 984 10
884 919 1025 1005 profesto
1048 919 1176 986 Hilarii.

203 1032 254 1092 46.
278 1027 483 1094 Leonherdus
506 1025 629 1091 Κ110110
655 1027 692 1090 10
715 1024 847 1090 0000101
870 1026 919 1090 110
942 1025 1070 1090 Hilarii.

203 1137 255 1197 47.
279 1131 440 1198 10500000
464 1131 563 1197 Giiser
587 1132 624 1197 de
648 1130 855 1217 Weiblingen
878 1131 946 1196 eod.
971 1119 1030 1196 die.

203 1239 255 1299 48.
279 1233 416 1301 Jeoobus
438 1237 612 1302 Retheher'
625 1238 663 1300 de
687 1235 864 1318 'lhwingen
887 1236 937 1300 die
960 1236 1105 1322 Agnetis.

202 1345 253 1404 49.
277 1340 350 1406 Joh.
375 1340 565 1406 (le-stratoris
589 1341 883 1425 (Nonnenmeoher)
908 1341 946 1405 de
969 1341 1163 1427 Moohingen
1185 1343 1251 1406 eod.
1276 1343 1335 1406 die.

203 1449 254 1509 50.
278 1445 442 1511 Ludwious
465 1445 589 1510 Heiner
612 1447 651 1510 de
674 1445 831 1531 Bolingeu
856 1447 953 1530 (bace.
978 1446 1079 1531 Frib.)
1102 1447 1152 1512 die
1174 1447 1349 1512 Vincentii.

202 1557 252 1615 51.
275 1550 485 1616 Wendslinus
508 1550 678 1617 Piscatoris
709 1553 747 1616 de
770 1551 1015 1638 Entzwihingen
1045 1553 1145 1638 (boec.
1169 1553 1328 1639 Erdford.)
1352 1553 1403 1618 die

274 1658 446 1722 Timothei.

203 1766 253 1827 52.
278 1761 478 1827 Eberhardus
500 1761 633 1827 Struber
654 1763 692 1827 de
714 1763 911 1828 Marohdorff
933 1762 999 1827 eod.
1024 1763 1082 1827 die.

203 1872 254 1932 53.
278 1866 351 1932 1011.
375 1866 550 1953 Baldinger
573 1869 611 1932 de
633 1869 788 1953 superiori
810 1867 991 1933 Ennelhsin
1014 1868 1080 1931 eod.
1105 1865 1164 1931 die.
1203 1865 1261 1932 Nil
1285 1867 1379 1931 dedit.

203 1977 254 2037 54.
278 1970 482 2037 Jheronimus
504 1971 665 2057 Lupfdioh
688 1974 726 2037 de
748 1971 930 2038 Blauburen
955 1974 1006 2037 die
1022 1971 1192 2036 Timothei.

202 2083 254 2142 55.
279 2077 405 2142 Vlrious
428 2077 581 2142 Fhiderioi
604 2079 642 2142 de
665 2078 821 2143 Bludentz
843 2079 894 2144 die
916 2078 1057 2164 Brigide.

203 2187 254 2247 56.
277 2181 439 2248 Johunnes
463 2182 575 2267 Meyer
598 2183 636 2248 de
657 2181 814 2248 Malmsen
837 2183 917 2248 feris
940 2187 959 2247 2
983 2187 1056 2268 post
1079 2181 1245 2246 invocavit.

202 2293 252 2352 57.
277 2287 388 2352 Frater
410 2287 555 2352 Mothous
580 2288 618 2352 de
639 2285 746 2372 Augia
770 2289 892 2352 minore
913 2289 980 2354 ord.
1004 2310 1103 2372 prem.

203 2397 254 2458 58.
278 2393 388 2458 Frater
410 2391 599 2457 Cristoferus
623 2393 758 2472 Gotfrid
782 2393 879 2479 ambo
899 2394 937 2458 de
958 2392 1139 2478 Pregentio.

202 2503 253 2563 59.
279 2496 432 2583 Georgius
454 2497 492 2561 de
514 2496 671 2582 Belingen
693 2497 853 2563 Molitoris
877 2504 898 2563 4
920 2498 1001 2563 feria
1023 2502 1096 2582 post
1118 2495 1325 2560 reminiscere.

205 2607 256 2668 eo.
279 2601 442 2667 Johannes
463 2599 573 2667 0000
604 2602 641 2667 ee
664 2585 860 2688 Vberlingen
884 2603 933 2668 eie
955 2607 1032 2668 tunc
1054 2601 1200 2667 crastina.

202 2712 253 2772 61.
276 2707 443 2772 Ludwious
465 2705 624 2772 Sohertlin
647 2707 684 2771 de
706 2706 883 2794 Leomberg
908 2712 926 2772 6
949 2707 1030 2772 ferie
1052 2711 1124 2792 post
1146 2705 1356 2771 reminiscere.

203 2816 254 2876 62.
279 2810 455 2876 Generosos
477 2811 624 2876 dominus
646 2809 685 2874 D.
709 2811 871 2876 Johannes
893 2811 1058 2877 Ludwious
1080 2833 1182 2876 eomes
1206 2813 1243 2876 de
1266 2810 1399 2876 Nessaw

277 2921 310 2980 01
331 2915 489 2982 Serhruok
512 2917 599 2980 dedit
625 2922 640 2980 1
665 2917 696 2980 fl.
721 2916 853 2982 sabbato
876 2921 948 3002 post
970 2939 1046 2983 rem.

206 3026 257 3087 63.
281 3021 444 3087 10100000
466 3022 503 3085 10
525 3020 730 3086 Liebenstsin
753 3021 859 3086 eedem
883 3023 941 3086 die.
976 3020 1034 3086 Nil
1057 3023 1151 3088 dedit.

203 3131 253 3190 64.
278 3126 321 3192 Μ.
337 3124 405 3191 100.
421 3125 700 3211 Spinnellwegner
722 3127 759 3191 de
775 3126 991 3214 Memmingen
1007 3128 1115 3191 eedem
1132 3128 1190 3192 110.
1229 3127 1286 3194 Nil
1303 3129 1399 3194 dedit.

204 3235 254 3294 65.
278 3230 416 3295 Methiss
439 3230 571 3295 Wslker
595 3232 633 3296 de
657 3231 833 3317 Rtitlingen
856 3233 935 3297 leria
958 3237 976 3297 2
1000 3241 1074 3318 post
1095 3232 1197 3298 Oculi.

85 3327 90 3340 ’
203 3339 253 3400 66.
278 3334 440 3402 Johsnues
464 3336 614 3402 Widmeu
639 3338 676 3401 de
699 3336 880 3402 Sohleitorff
902 3338 951 3402 die
974 3336 1129 3423 Gregorii.

201 3446 252 3506 07.
277 3440 433 3526 Georgius
455 3439 583 3505 Lutfrid
606 3442 643 3506 de
666 3439 892 3527 Sigmoringen
916 3443 1073 3507 dominice
1095 3442 1217 3508 Letare.

200 3550 251 3610 68.
274 3544 347 3611 Joh.
371 3545 500 3631 Joppell
523 3547 562 3611 de
584 3545 787 3632 Nurmberga
808 3547 887 3612 ferie
909 3551 927 3610 2
951 3550 1024 3631 post
1046 3546 1168 3612 hetere.
1220 3545 1277 3612 Nil
1302 3549 1396 3614 dedit.

200 3655 250 3715 69.
275 3650 429 3716 Melchior
451 3651 554 3716 Htiter
577 3652 615 3717 10
637 3652 837 3738 Nordlingen
863 3658 882 3717 6
904 3653 985 3717 feria
1007 3657 1078 3737 post
1100 3653 1221 3719 Letsre.

200 3761 250 3822 70.
276 3754 432 3840 Kylianus
447 3756 563 3823 Pfitzer
578 3758 615 3822 de
631 3756 837 3824 Dornstetten
853 3758 933 3822 ferie
957 3762 975 3822 3
992 3761 1064 3841 post
1079 3757 1100 3822 J
1102 3757 1201 3823 udiea.
1230 3758 1286 3823 Nil
1302 3760 1397 3825 dedit.

201 3864 252 3924 71.
276 3859 353 3924 0110
375 3859 440 3925 Rot
463 3862 501 3926 de
524 3861 619 3926 Vlma
640 3863 773 3928 sabbato
795 3867 869 3928 0010
891 3861 1089 3938 Quosimodo

198 3968 249 4029 72.
274 3964 428 4051 Georgius
452 3965 527 4050 Moy
550 3966 589 4031 de
611 3965 799 4054 Sttitgarten
822 3969 930 4034 eedem
953 3968 1119 4034 dominica.

267 4139 308 4193 50.
328 4138 365 4191 Μ.
385 4138 418 4190 Α.
439 4138 506 4192 1192
533 4139 668 4196 sacerdos.
689 4171 721 4182 -
741 4142 782 4198 51.
808 4140 845 4194 M.
865 4140 899 4193 A.
929 4141 1004 4195 1487.
1023 4170 1057 4181 -
1076 4142 1118 4196 56.
1145 4141 1183 4195 Μ.
1209 4143 1240 4196 A.
1268 4145 1344 4199 1488.
1369 4177 1395 4186 -

197 4226 238 4280 51.
257 4223 302 4278 rr.
321 4226 358 4279 M.
377 4223 530 4280 Gretler
549 4245 582 4281 ex
602 4228 759 4298 Pregantis
777 4228 815 4282 M.
835 4229 866 4281 A.
888 4227 964 4281 1488.
983 4256 1016 4266 -
1035 4229 1078 4282 58.
1095 4229 1132 4283 M.
1156 4229 1187 4283 A.
1207 4231 1284 4284 1488.
1303 4261 1335 4273 -
1354 4235 1397 4288 63.

198 4310 303 4365 Steinh.
320 4309 350 4380 4,
369 4311 429 4366 583.
464 4312 566 4383 OVogt
585 4315 615 4368 in
633 4315 768 4370 Morbsoh
784 4316 859 4370 1503.
879 4345 909 4354 -
929 4317 971 4370 05.
991 4315 1161 4372 1111488.
1180 4318 1277 4380 eorl.
1291 4320 1322 4375 A.
1340 4323 1396 4375 147.

195 4400 237 4453 71.
255 4398 324 4451 Arzt
343 4397 372 4451 in
391 4398 465 4464 Ulm,
484 4399 595 4457 Freund
615 4403 649 4458 Η.
669 4403 775 4459 Bebels.
813 4404 849 4458 M.
873 4405 904 4458 .›·¹.
926 4405 999 4460 1488.

250 4503 380 4544 Urkunden
393 4503 435 4545 der
449 4505 478 4547 11.
492 4506 622 4558 10110300.
1145 4496 1179 4550 32
