<?xml version="1.0" encoding="UTF-8"?>
<!DOCTYPE html PUBLIC "-//W3C//DTD XHTML 1.0 Transitional//EN"
    "http://www.w3.org/TR/xhtml1/DTD/xhtml1-transitional.dtd">
<html xmlns="http://www.w3.org/1999/xhtml" xml:lang="en" lang="en">
 <head>
  <title>
</title>
<meta http-equiv="Content-Type" content="text/html;charset=utf-8" />
  <meta name='ocr-system' content='tesseract 3.04.00' />
  <meta name='ocr-capabilities' content='ocr_page ocr_carea ocr_par ocr_line ocrx_word'/>
</head>
<body>
  <div class='ocr_page' id='page_1' title='image "./urkundenzurgesc00tbgoog_0240.png"; bbox 0 0 3462 5320; ppageno 0'>
   <div class='ocr_carea' id='block_1_1' title="bbox 354 493 1181 562">
    <p class='ocr_par' dir='ltr' id='par_1_1' title="bbox 354 493 1181 562">
     <span class='ocr_line' id='line_1_1' title="bbox 354 493 1181 562; baseline -0.017 0"><span class='ocrx_word' id='word_1_1' title='bbox 354 497 418 562; x_wconf 78' lang='lat'><strong>22&#39;6</strong></span> <span class='ocrx_word' id='word_1_2' title='bbox 719 497 760 548; x_wconf 77' lang='lat' dir='ltr'><strong>rr.</strong></span> <span class='ocrx_word' id='word_1_3' title='bbox 780 494 913 548; x_wconf 67' lang='lat' dir='ltr'><strong>statores</strong></span> <span class='ocrx_word' id='word_1_4' title='bbox 932 493 958 547; x_wconf 82' lang='lat' dir='ltr'><strong>u.</strong></span> <span class='ocrx_word' id='word_1_5' title='bbox 978 493 1011 547; x_wconf 85' lang='lat' dir='ltr'><strong>n.</strong></span> <span class='ocrx_word' id='word_1_6' title='bbox 1030 511 1084 548; x_wconf 82' lang='lat' dir='ltr'><strong>von</strong></span> <span class='ocrx_word' id='word_1_7' title='bbox 1106 495 1181 548; x_wconf 78' lang='lat'>1537.</span> 
     </span>
    </p>
   </div>
   <div class='ocr_carea' id='block_1_2' title="bbox 296 652 1554 2524">
    <p class='ocr_par' dir='ltr' id='par_1_2' title="bbox 350 652 1554 1055">
     <span class='ocr_line' id='line_1_2' title="bbox 354 652 1554 738; baseline -0.004 -18"><span class='ocrx_word' id='word_1_8' title='bbox 354 677 413 738; x_wconf 90' lang='lat' dir='ltr'><strong>que</strong></span> <span class='ocrx_word' id='word_1_9' title='bbox 435 652 645 718; x_wconf 88' lang='lat' dir='ltr'><strong>studiosorum</strong></span> <span class='ocrx_word' id='word_1_10' title='bbox 675 653 837 737; x_wconf 79' lang='lat' dir='ltr'><strong>recipitur.</strong></span> <span class='ocrx_word' id='word_1_11' title='bbox 888 652 994 736; x_wconf 87' lang='lat' dir='ltr'><strong>Atque</strong></span> <span class='ocrx_word' id='word_1_12' title='bbox 1018 652 1232 717; x_wconf 76' lang='lat' dir='ltr'>inobedientia</span> <span class='ocrx_word' id='word_1_13' title='bbox 1260 655 1433 718; x_wconf 88' lang='lat' dir='ltr'><strong>memorata</strong></span> <span class='ocrx_word' id='word_1_14' title='bbox 1454 673 1554 735; x_wconf 82' lang='lat' dir='ltr'><strong>paenae</strong></span> 
     </span>
     <span class='ocr_line' id='line_1_3' title="bbox 353 757 1552 843; baseline -0.003 -19"><span class='ocrx_word' id='word_1_15' title='bbox 353 760 413 825; x_wconf 89' lang='lat' dir='ltr'><strong>hoc</strong></span> <span class='ocrx_word' id='word_1_16' title='bbox 434 762 554 824; x_wconf 86' lang='lat' dir='ltr'><strong>statuto</strong></span> <span class='ocrx_word' id='word_1_17' title='bbox 578 780 614 822; x_wconf 88' lang='lat' dir='ltr'><strong>ea</strong></span> <span class='ocrx_word' id='word_1_18' title='bbox 637 757 866 843; x_wconf 84' lang='lat' dir='ltr'><strong>intelligenda,</strong></span> <span class='ocrx_word' id='word_1_19' title='bbox 890 780 952 842; x_wconf 88' lang='lat' dir='ltr'><strong>qua</strong></span> <span class='ocrx_word' id='word_1_20' title='bbox 975 757 1072 822; x_wconf 87' lang='lat' dir='ltr'><strong>certis</strong></span> <span class='ocrx_word' id='word_1_21' title='bbox 1090 760 1121 822; x_wconf 89' lang='lat' dir='ltr'><strong>et</strong></span> <span class='ocrx_word' id='word_1_22' title='bbox 1144 757 1309 822; x_wconf 87' lang='lat' dir='ltr'><strong>destinatis</strong></span> <span class='ocrx_word' id='word_1_23' title='bbox 1333 779 1396 822; x_wconf 92' lang='lat' dir='ltr'><strong>non</strong></span> <span class='ocrx_word' id='word_1_24' title='bbox 1419 777 1552 842; x_wconf 82' lang='lat' dir='ltr'><strong>genera-</strong></span> 
     </span>
     <span class='ocr_line' id='line_1_4' title="bbox 350 862 1554 950; baseline -0.003 -19"><span class='ocrx_word' id='word_1_25' title='bbox 350 866 436 931; x_wconf 84' lang='lat' dir='ltr'>libus</span> <span class='ocrx_word' id='word_1_26' title='bbox 457 864 616 929; x_wconf 89' lang='lat' dir='ltr'><strong>mandatis</strong></span> <span class='ocrx_word' id='word_1_27' title='bbox 639 862 926 946; x_wconf 83' lang='lat' dir='ltr'><strong>aliquisaudacter</strong></span> <span class='ocrx_word' id='word_1_28' title='bbox 948 864 1119 928; x_wconf 84' lang='lat' dir='ltr'><strong>autoritate.</strong></span> <span class='ocrx_word' id='word_1_29' title='bbox 1141 863 1348 950; x_wconf 73' lang='lat' dir='ltr'><strong>Magistratus</strong></span> <span class='ocrx_word' id='word_1_30' title='bbox 1371 867 1554 947; x_wconf 86' lang='lat' dir='ltr'><strong>contempta</strong></span> 
     </span>
     <span class='ocr_line' id='line_1_5' title="bbox 351 959 812 1055; baseline -0.009 -20"><span class='ocrx_word' id='word_1_31' title='bbox 351 972 447 1036; x_wconf 82' lang='lat' dir='ltr'><strong>luerit</strong></span> <span class='ocrx_word' id='word_1_32' title='bbox 469 969 654 1055; x_wconf 80' lang='lat' dir='ltr'><strong>refragatus</strong></span> <span class='ocrx_word' id='word_1_33' title='bbox 808 959 812 968; x_wconf 76' lang='grc'><strong>’</strong></span> 
     </span>
    </p>

    <p class='ocr_par' dir='ltr' id='par_1_3' title="bbox 352 1073 1552 1348">
     <span class='ocr_line' id='line_1_6' title="bbox 440 1073 1552 1161; baseline -0.002 -22"><span class='ocrx_word' id='word_1_34' title='bbox 440 1074 478 1139; x_wconf 91' lang='lat' dir='ltr'><strong>ln</strong></span> <span class='ocrx_word' id='word_1_35' title='bbox 503 1075 670 1158; x_wconf 89' lang='lat' dir='ltr'><strong>discipulos</strong></span> <span class='ocrx_word' id='word_1_36' title='bbox 700 1074 912 1158; x_wconf 78' lang='lat' dir='ltr'><strong>improbitatis</strong></span> <span class='ocrx_word' id='word_1_37' title='bbox 935 1079 968 1141; x_wconf 89' lang='lat' dir='ltr'><strong>et</strong></span> <span class='ocrx_word' id='word_1_38' title='bbox 988 1075 1182 1161; x_wconf 87' lang='lat' dir='ltr'><strong>flagitiorum</strong></span> <span class='ocrx_word' id='word_1_39' title='bbox 1205 1075 1380 1153; x_wconf 86' lang='lat' dir='ltr'><strong>conuictos,</strong></span> <span class='ocrx_word' id='word_1_40' title='bbox 1409 1073 1552 1138; x_wconf 80' lang='lat' dir='ltr'><strong>Rectaris</strong></span> 
     </span>
     <span class='ocr_line' id='line_1_7' title="bbox 352 1177 1551 1266; baseline -0.003 -21"><span class='ocrx_word' id='word_1_41' title='bbox 352 1184 384 1245; x_wconf 89' lang='lat' dir='ltr'><strong>et</strong></span> <span class='ocrx_word' id='word_1_42' title='bbox 406 1179 618 1256; x_wconf 87' lang='lat' dir='ltr'><strong>Assessorum,</strong></span> <span class='ocrx_word' id='word_1_43' title='bbox 643 1179 676 1243; x_wconf 92' lang='lat' dir='ltr'><strong>in</strong></span> <span class='ocrx_word' id='word_1_44' title='bbox 702 1177 854 1244; x_wconf 78' lang='lat' dir='ltr'><strong>Doctores</strong></span> <span class='ocrx_word' id='word_1_45' title='bbox 877 1184 908 1244; x_wconf 92' lang='lat' dir='ltr'><strong>et</strong></span> <span class='ocrx_word' id='word_1_46' title='bbox 924 1180 1094 1266; x_wconf 79' lang='lat' dir='ltr'><strong>Magistros</strong></span> <span class='ocrx_word' id='word_1_47' title='bbox 1112 1179 1336 1245; x_wconf 87' lang='lat' dir='ltr'><strong>Vniuersitatis</strong></span> <span class='ocrx_word' id='word_1_48' title='bbox 1351 1178 1551 1244; x_wconf 74' lang='lat' dir='ltr'><strong>Scholastica</strong></span> 
     </span>
     <span class='ocr_line' id='line_1_8' title="bbox 354 1283 683 1348; baseline 0 0"><span class='ocrx_word' id='word_1_49' title='bbox 354 1283 583 1348; x_wconf 89' lang='lat' dir='ltr'><strong>animaduersio</strong></span> <span class='ocrx_word' id='word_1_50' title='bbox 607 1289 683 1348; x_wconf 88' lang='lat' dir='ltr'><strong>estc.</strong></span> 
     </span>
    </p>

    <p class='ocr_par' dir='ltr' id='par_1_4' title="bbox 296 1387 1551 2524">
     <span class='ocr_line' id='line_1_9' title="bbox 438 1387 1547 1475; baseline -0.002 -21"><span class='ocrx_word' id='word_1_51' title='bbox 438 1387 909 1475; x_wconf 80' lang='lat' dir='ltr'><strong>Siquisp1·iuilegiorum</strong></span> <span class='ocrx_word' id='word_1_52' title='bbox 933 1390 1016 1455; x_wconf 91' lang='lat' dir='ltr'><strong>iuri</strong></span> <span class='ocrx_word' id='word_1_53' title='bbox 1033 1392 1321 1469; x_wconf 88' lang='lat' dir='ltr'><strong>renuntiarit,</strong></span> <span class='ocrx_word' id='word_1_54' title='bbox 1346 1391 1412 1455; x_wconf 88' lang='lat' dir='ltr'><strong>eius</strong></span> <span class='ocrx_word' id='word_1_55' title='bbox 1434 1411 1547 1454; x_wconf 91' lang='lat' dir='ltr'><strong>nomen</strong></span> 
     </span>
     <span class='ocr_line' id='line_1_10' title="bbox 356 1493 1551 1580; baseline -0.002 -22"><span class='ocrx_word' id='word_1_56' title='bbox 356 1496 389 1558; x_wconf 91' lang='lat' dir='ltr'><strong>iu</strong></span> <span class='ocrx_word' id='word_1_57' title='bbox 411 1494 483 1559; x_wconf 88' lang='lat' dir='ltr'><strong>albo</strong></span> <span class='ocrx_word' id='word_1_58' title='bbox 499 1493 642 1558; x_wconf 83' lang='lat' dir='ltr'><strong>Rectoris</strong></span> <span class='ocrx_word' id='word_1_59' title='bbox 665 1493 783 1559; x_wconf 87' lang='lat' dir='ltr'><strong>deletor</strong></span> <span class='ocrx_word' id='word_1_60' title='bbox 806 1516 908 1579; x_wconf 87' lang='lat' dir='ltr'><strong>neque</strong></span> <span class='ocrx_word' id='word_1_61' title='bbox 930 1496 1045 1560; x_wconf 89' lang='lat' dir='ltr'><strong>iterum</strong></span> <span class='ocrx_word' id='word_1_62' title='bbox 1070 1497 1226 1580; x_wconf 86' lang='lat' dir='ltr'><strong>recipitor,</strong></span> <span class='ocrx_word' id='word_1_63' title='bbox 1250 1496 1312 1560; x_wconf 92' lang='lat' dir='ltr'><strong>nisi</strong></span> <span class='ocrx_word' id='word_1_64' title='bbox 1334 1495 1371 1560; x_wconf 90' lang='lat' dir='ltr'><strong>de</strong></span> <span class='ocrx_word' id='word_1_65' title='bbox 1393 1493 1551 1558; x_wconf 86' lang='lat' dir='ltr'><strong>sententia</strong></span> 
     </span>
     <span class='ocr_line' id='line_1_11' title="bbox 354 1597 1550 1685; baseline 0 -23"><span class='ocrx_word' id='word_1_66' title='bbox 354 1599 581 1664; x_wconf 87' lang='lat' dir='ltr'><strong>Vniuersitatis</strong></span> <span class='ocrx_word' id='word_1_67' title='bbox 603 1597 815 1676; x_wconf 78' lang='lat' dir='ltr'><strong>Scholastica,</strong></span> <span class='ocrx_word' id='word_1_68' title='bbox 838 1622 900 1684; x_wconf 88' lang='lat' dir='ltr'><strong>qua</strong></span> <span class='ocrx_word' id='word_1_69' title='bbox 922 1601 1136 1685; x_wconf 84' lang='lat' dir='ltr'><strong>permittente,</strong></span> <span class='ocrx_word' id='word_1_70' title='bbox 1160 1600 1215 1684; x_wconf 91' lang='lat' dir='ltr'><strong>qui</strong></span> <span class='ocrx_word' id='word_1_71' title='bbox 1238 1601 1352 1664; x_wconf 88' lang='lat' dir='ltr'><strong>iterum</strong></span> <span class='ocrx_word' id='word_1_72' title='bbox 1376 1599 1472 1684; x_wconf 84' lang='lat' dir='ltr'><strong>recipi</strong></span> <span class='ocrx_word' id='word_1_73' title='bbox 1495 1620 1550 1682; x_wconf 90' lang='lat' dir='ltr'><strong>pe-</strong></span> 
     </span>
     <span class='ocr_line' id='line_1_12' title="bbox 351 1704 1550 1789; baseline -0.001 -21"><span class='ocrx_word' id='word_1_74' title='bbox 351 1705 439 1768; x_wconf 89' lang='lat' dir='ltr'><strong>tierit</strong></span> <span class='ocrx_word' id='word_1_75' title='bbox 463 1725 577 1769; x_wconf 89' lang='lat' dir='ltr'><strong>nomen</strong></span> <span class='ocrx_word' id='word_1_76' title='bbox 601 1725 703 1782; x_wconf 89' lang='lat' dir='ltr'><strong>suum,</strong></span> <span class='ocrx_word' id='word_1_77' title='bbox 727 1705 842 1768; x_wconf 83' lang='lat' dir='ltr'><strong>iterum</strong></span> <span class='ocrx_word' id='word_1_78' title='bbox 864 1705 1024 1789; x_wconf 87' lang='lat' dir='ltr'><strong>persoluat</strong></span> <span class='ocrx_word' id='word_1_79' title='bbox 1046 1705 1185 1770; x_wconf 82' lang='lat' dir='ltr'><strong>debitam</strong></span> <span class='ocrx_word' id='word_1_80' title='bbox 1201 1704 1417 1787; x_wconf 79' lang='lat' dir='ltr'><strong>inscriptionis</strong></span> <span class='ocrx_word' id='word_1_81' title='bbox 1434 1725 1550 1767; x_wconf 90' lang='lat' dir='ltr'><strong>merce-</strong></span> 
     </span>
     <span class='ocr_line' id='line_1_13' title="bbox 352 1808 1548 1896; baseline -0.003 -21"><span class='ocrx_word' id='word_1_82' title='bbox 352 1809 431 1875; x_wconf 90' lang='lat' dir='ltr'><strong>dem.</strong></span> <span class='ocrx_word' id='word_1_83' title='bbox 479 1808 567 1884; x_wconf 82' lang='lat' dir='ltr'><strong>Quod</strong></span> <span class='ocrx_word' id='word_1_84' title='bbox 590 1809 618 1872; x_wconf 89' lang='lat' dir='ltr'><strong>si</strong></span> <span class='ocrx_word' id='word_1_85' title='bbox 641 1809 712 1892; x_wconf 91' lang='lat' dir='ltr'><strong>quis</strong></span> <span class='ocrx_word' id='word_1_86' title='bbox 736 1809 873 1874; x_wconf 85' lang='lat' dir='ltr'><strong>effecerit</strong></span> <span class='ocrx_word' id='word_1_87' title='bbox 895 1815 989 1896; x_wconf 87' lang='lat' dir='ltr'><strong>atque</strong></span> <span class='ocrx_word' id='word_1_88' title='bbox 1012 1811 1171 1875; x_wconf 90' lang='lat' dir='ltr'><strong>curauerit</strong></span> <span class='ocrx_word' id='word_1_89' title='bbox 1192 1831 1283 1873; x_wconf 89' lang='lat' dir='ltr'><strong>suum</strong></span> <span class='ocrx_word' id='word_1_90' title='bbox 1306 1830 1421 1872; x_wconf 88' lang='lat' dir='ltr'><strong>nomen</strong></span> <span class='ocrx_word' id='word_1_91' title='bbox 1447 1808 1481 1872; x_wconf 90' lang='lat' dir='ltr'><strong>in</strong></span> <span class='ocrx_word' id='word_1_92' title='bbox 1503 1808 1548 1872; x_wconf 90' lang='lat' dir='ltr'><strong>al·</strong></span> 
     </span>
     <span class='ocr_line' id='line_1_14' title="bbox 353 1912 1548 1998; baseline -0.001 -20"><span class='ocrx_word' id='word_1_93' title='bbox 353 1913 430 1978; x_wconf 91' lang='lat' dir='ltr'><strong>bum</strong></span> <span class='ocrx_word' id='word_1_94' title='bbox 452 1912 594 1978; x_wconf 84' lang='lat' dir='ltr'><strong>Rectoris</strong></span> <span class='ocrx_word' id='word_1_95' title='bbox 617 1912 747 1977; x_wconf 89' lang='lat' dir='ltr'><strong>inscribi</strong></span> <span class='ocrx_word' id='word_1_96' title='bbox 770 1914 850 1992; x_wconf 89' lang='lat' dir='ltr'><strong>dolo,</strong></span> <span class='ocrx_word' id='word_1_97' title='bbox 873 1915 933 1979; x_wconf 91' lang='lat' dir='ltr'><strong>hoc</strong></span> <span class='ocrx_word' id='word_1_98' title='bbox 955 1920 1017 1994; x_wconf 90' lang='lat' dir='ltr'><strong>est,</strong></span> <span class='ocrx_word' id='word_1_99' title='bbox 1040 1938 1103 1981; x_wconf 91' lang='lat' dir='ltr'><strong>non</strong></span> <span class='ocrx_word' id='word_1_100' title='bbox 1127 1920 1164 1980; x_wconf 95' lang='lat' dir='ltr'><strong>ut</strong></span> <span class='ocrx_word' id='word_1_101' title='bbox 1187 1915 1290 1979; x_wconf 89' lang='lat' dir='ltr'><strong>studio</strong></span> <span class='ocrx_word' id='word_1_102' title='bbox 1312 1913 1548 1998; x_wconf 88' lang='lat' dir='ltr'><strong>disciplinarum</strong></span> 
     </span>
     <span class='ocr_line' id='line_1_15' title="bbox 296 2019 1549 2106; baseline -0.002 -23"><span class='ocrx_word' id='word_1_103' title='bbox 296 2079 297 2083; x_wconf 75' lang='grc'>,</span> <span class='ocrx_word' id='word_1_104' title='bbox 354 2023 449 2103; x_wconf 86' lang='lat' dir='ltr'><strong>atque</strong></span> <span class='ocrx_word' id='word_1_105' title='bbox 471 2019 588 2083; x_wconf 88' lang='lat' dir='ltr'><strong>artium</strong></span> <span class='ocrx_word' id='word_1_106' title='bbox 612 2039 739 2103; x_wconf 91' lang='lat' dir='ltr'><strong>operam</strong></span> <span class='ocrx_word' id='word_1_107' title='bbox 763 2020 901 2104; x_wconf 85' lang='lat' dir='ltr'><strong>quietius</strong></span> <span class='ocrx_word' id='word_1_108' title='bbox 923 2021 1006 2090; x_wconf 81' lang='lat' dir='ltr'><strong>dare.</strong></span> <span class='ocrx_word' id='word_1_109' title='bbox 1030 2023 1083 2086; x_wconf 92' lang='lat' dir='ltr'><strong>sed</strong></span> <span class='ocrx_word' id='word_1_110' title='bbox 1107 2021 1139 2084; x_wconf 91' lang='lat' dir='ltr'><strong>in</strong></span> <span class='ocrx_word' id='word_1_111' title='bbox 1162 2019 1396 2106; x_wconf 83' lang='lat' dir='ltr'><strong>ligitationibus</strong></span> <span class='ocrx_word' id='word_1_112' title='bbox 1429 2021 1484 2082; x_wconf 88' lang='lat' dir='ltr'><strong>aut</strong></span> <span class='ocrx_word' id='word_1_113' title='bbox 1506 2019 1549 2082; x_wconf 92' lang='lat' dir='ltr'><strong>si-</strong></span> 
     </span>
     <span class='ocr_line' id='line_1_16' title="bbox 352 2122 1548 2208; baseline -0.002 -20"><span class='ocrx_word' id='word_1_114' title='bbox 352 2123 423 2188; x_wconf 85' lang='lat' dir='ltr'><strong>mili</strong></span> <span class='ocrx_word' id='word_1_115' title='bbox 444 2124 478 2188; x_wconf 91' lang='lat' dir='ltr'><strong>in</strong></span> <span class='ocrx_word' id='word_1_116' title='bbox 502 2145 595 2188; x_wconf 88' lang='lat' dir='ltr'><strong>causa</strong></span> <span class='ocrx_word' id='word_1_117' title='bbox 612 2122 753 2188; x_wconf 88' lang='lat' dir='ltr'><strong>adiuuari</strong></span> <span class='ocrx_word' id='word_1_118' title='bbox 770 2127 879 2208; x_wconf 84' lang='lat' dir='ltr'><strong>possit,</strong></span> <span class='ocrx_word' id='word_1_119' title='bbox 905 2126 990 2191; x_wconf 87' lang='lat' dir='ltr'><strong>illius</strong></span> <span class='ocrx_word' id='word_1_120' title='bbox 1005 2149 1077 2192; x_wconf 91' lang='lat' dir='ltr'><strong>cum</strong></span> <span class='ocrx_word' id='word_1_121' title='bbox 1093 2127 1131 2191; x_wconf 92' lang='lat' dir='ltr'><strong>de</strong></span> <span class='ocrx_word' id='word_1_122' title='bbox 1147 2126 1206 2191; x_wconf 86' lang='lat' dir='ltr'><strong>hoc</strong></span> <span class='ocrx_word' id='word_1_123' title='bbox 1221 2125 1410 2202; x_wconf 85' lang='lat' dir='ltr'><strong>constiterit,</strong></span> <span class='ocrx_word' id='word_1_124' title='bbox 1434 2145 1548 2187; x_wconf 91' lang='lat' dir='ltr'><strong>nomen</strong></span> 
     </span>
     <span class='ocr_line' id='line_1_17' title="bbox 352 2227 1549 2320; baseline -0.001 -28"><span class='ocrx_word' id='word_1_125' title='bbox 352 2229 472 2293; x_wconf 88' lang='lat' dir='ltr'><strong>deletor</strong></span> <span class='ocrx_word' id='word_1_126' title='bbox 485 2316 487 2320; x_wconf 17' lang='grc' dir='ltr'><strong><em>ι</em></strong></span> <span class='ocrx_word' id='word_1_127' title='bbox 502 2250 603 2312; x_wconf 91' lang='lat' dir='ltr'><strong>neque</strong></span> <span class='ocrx_word' id='word_1_128' title='bbox 634 2228 701 2312; x_wconf 88' lang='lat' dir='ltr'><strong>ipse</strong></span> <span class='ocrx_word' id='word_1_129' title='bbox 732 2230 908 2316; x_wconf 85' lang='lat' dir='ltr'><strong>priuilegijs</strong></span> <span class='ocrx_word' id='word_1_130' title='bbox 932 2231 1083 2316; x_wconf 83' lang='lat' dir='ltr'><strong>gaudeat,</strong></span> <span class='ocrx_word' id='word_1_131' title='bbox 1117 2251 1250 2314; x_wconf 87' lang='lat' dir='ltr'><strong>quorum</strong></span> <span class='ocrx_word' id='word_1_132' title='bbox 1272 2235 1378 2294; x_wconf 86' lang='lat' dir='ltr'><strong>tarnen</strong></span> <span class='ocrx_word' id='word_1_133' title='bbox 1400 2227 1549 2292; x_wconf 60' lang='lat' dir='ltr'><strong>Mneficio</strong></span> 
     </span>
     <span class='ocr_line' id='line_1_18' title="bbox 353 2333 1547 2418; baseline -0.003 -20"><span class='ocrx_word' id='word_1_134' title='bbox 353 2336 386 2398; x_wconf 85' lang='lat' dir='ltr'><strong>ct</strong></span> <span class='ocrx_word' id='word_1_135' title='bbox 407 2333 524 2398; x_wconf 84' lang='lat' dir='ltr'><strong>auxilio</strong></span> <span class='ocrx_word' id='word_1_136' title='bbox 547 2333 672 2397; x_wconf 89' lang='lat' dir='ltr'><strong>defendi</strong></span> <span class='ocrx_word' id='word_1_137' title='bbox 694 2333 852 2400; x_wconf 88' lang='lat' dir='ltr'><strong>famulitia</strong></span> <span class='ocrx_word' id='word_1_138' title='bbox 869 2339 901 2400; x_wconf 91' lang='lat' dir='ltr'><strong>et</strong></span> <span class='ocrx_word' id='word_1_139' title='bbox 922 2336 1061 2401; x_wconf 90' lang='lat' dir='ltr'><strong>ministri</strong></span> <span class='ocrx_word' id='word_1_140' title='bbox 1071 2336 1244 2402; x_wconf 88' lang='lat' dir='ltr'><strong>Doctorum</strong></span> <span class='ocrx_word' id='word_1_141' title='bbox 1260 2333 1547 2418; x_wconf 80' lang='lat' dir='ltr'><strong>Magistrorumque</strong></span> 
     </span>
     <span class='ocr_line' id='line_1_19' title="bbox 352 2437 1548 2524; baseline -0.002 -22"><span class='ocrx_word' id='word_1_142' title='bbox 352 2459 395 2502; x_wconf 87' lang='lat' dir='ltr'><strong>ac.</strong></span> <span class='ocrx_word' id='word_1_143' title='bbox 410 2437 622 2522; x_wconf 87' lang='lat' dir='ltr'><strong>professorum</strong></span> <span class='ocrx_word' id='word_1_144' title='bbox 641 2438 821 2516; x_wconf 87' lang='lat' dir='ltr'><strong>debebunt,</strong></span> <span class='ocrx_word' id='word_1_145' title='bbox 844 2441 872 2504; x_wconf 90' lang='lat' dir='ltr'><strong>si</strong></span> <span class='ocrx_word' id='word_1_146' title='bbox 894 2440 1036 2524; x_wconf 89' lang='lat' dir='ltr'><strong>ipsorum</strong></span> <span class='ocrx_word' id='word_1_147' title='bbox 1058 2442 1188 2506; x_wconf 89' lang='lat' dir='ltr'><strong>nomina</strong></span> <span class='ocrx_word' id='word_1_148' title='bbox 1211 2439 1363 2522; x_wconf 84' lang='lat' dir='ltr'><strong>inscripta</strong></span> <span class='ocrx_word' id='word_1_149' title='bbox 1385 2438 1418 2501; x_wconf 91' lang='lat' dir='ltr'><strong>in</strong></span> <span class='ocrx_word' id='word_1_150' title='bbox 1441 2437 1548 2502; x_wconf 86' lang='lat' dir='ltr'><strong>album</strong></span> 
     </span>
    </p>
   </div>
   <div class='ocr_carea' id='block_1_3' title="bbox 351 2542 1549 2712">
    <p class='ocr_par' dir='ltr' id='par_1_5' title="bbox 351 2542 1549 2712">
     <span class='ocr_line' id='line_1_20' title="bbox 351 2542 1549 2630; baseline 0 -24"><span class='ocrx_word' id='word_1_151' title='bbox 351 2542 494 2606; x_wconf 87' lang='lat' dir='ltr'><strong>Rectoris</strong></span> <span class='ocrx_word' id='word_1_152' title='bbox 524 2543 661 2620; x_wconf 88' lang='lat' dir='ltr'><strong>fuerint,</strong></span> <span class='ocrx_word' id='word_1_153' title='bbox 694 2545 839 2627; x_wconf 87' lang='lat' dir='ltr'><strong>quamuis</strong></span> <span class='ocrx_word' id='word_1_154' title='bbox 869 2547 1013 2612; x_wconf 85' lang='lat' dir='ltr'><strong>studendi</strong></span> <span class='ocrx_word' id='word_1_155' title='bbox 1045 2547 1244 2630; x_wconf 84' lang='lat' dir='ltr'><strong>discendique</strong></span> <span class='ocrx_word' id='word_1_156' title='bbox 1272 2567 1365 2610; x_wconf 86' lang='lat' dir='ltr'><strong>eausa</strong></span> <span class='ocrx_word' id='word_1_157' title='bbox 1386 2544 1468 2628; x_wconf 89' lang='lat' dir='ltr'><strong>apud</strong></span> <span class='ocrx_word' id='word_1_158' title='bbox 1491 2563 1549 2607; x_wconf 87' lang='lat' dir='ltr'><strong>nos</strong></span> 
     </span>
     <span class='ocr_line' id='line_1_21' title="bbox 352 2651 613 2712; baseline 0.011 -4"><span class='ocrx_word' id='word_1_159' title='bbox 352 2667 414 2710; x_wconf 90' lang='lat' dir='ltr'><strong>non</strong></span> <span class='ocrx_word' id='word_1_160' title='bbox 439 2651 613 2712; x_wconf 88' lang='lat' dir='ltr'><strong>uersentur.</strong></span> 
     </span>
    </p>
   </div>
   <div class='ocr_carea' id='block_1_4' title="bbox 482 2820 1410 2908">
    <p class='ocr_par' dir='ltr' id='par_1_6' title="bbox 482 2820 1410 2908">
     <span class='ocr_line' id='line_1_22' title="bbox 482 2820 1410 2908; baseline 0.004 -24"><span class='ocrx_word' id='word_1_161' title='bbox 482 2820 530 2885; x_wconf 93' lang='lat' dir='ltr'><strong>De</strong></span> <span class='ocrx_word' id='word_1_162' title='bbox 552 2821 626 2907; x_wconf 89' lang='lat' dir='ltr'><strong>pace</strong></span> <span class='ocrx_word' id='word_1_163' title='bbox 650 2825 864 2908; x_wconf 90' lang='lat' dir='ltr'><strong>componenda</strong></span> <span class='ocrx_word' id='word_1_164' title='bbox 887 2829 919 2890; x_wconf 87' lang='lat' dir='ltr'><strong>et</strong></span> <span class='ocrx_word' id='word_1_165' title='bbox 942 2825 1124 2889; x_wconf 86' lang='lat' dir='ltr'><strong>dirimendis</strong></span> <span class='ocrx_word' id='word_1_166' title='bbox 1148 2825 1410 2890; x_wconf 78' lang='lat' dir='ltr'><strong>‹liminationibus</strong></span> 
     </span>
    </p>
   </div>
   <div class='ocr_carea' id='block_1_5' title="bbox 348 2959 1547 3787">
    <p class='ocr_par' dir='ltr' id='par_1_7' title="bbox 352 2959 1546 3258">
     <span class='ocr_line' id='line_1_23' title="bbox 436 2959 1546 3049; baseline 0.004 -26"><span class='ocrx_word' id='word_1_167' title='bbox 436 2959 593 3025; x_wconf 90' lang='lat' dir='ltr'><strong>Dirimere</strong></span> <span class='ocrx_word' id='word_1_168' title='bbox 617 2961 915 3028; x_wconf 86' lang='lat' dir='ltr'><strong>dimicationes</strong></span> <span class='ocrx_word' id='word_1_169' title='bbox 938 2969 970 3028; x_wconf 90' lang='lat' dir='ltr'><strong>et</strong></span> <span class='ocrx_word' id='word_1_170' title='bbox 991 2985 1135 3049; x_wconf 86' lang='lat' dir='ltr'><strong>pugnas,</strong></span> <span class='ocrx_word' id='word_1_171' title='bbox 1159 2965 1391 3042; x_wconf 88' lang='lat' dir='ltr'><strong>contentiones,</strong></span> <span class='ocrx_word' id='word_1_172' title='bbox 1424 2965 1546 3028; x_wconf 90' lang='lat' dir='ltr'><strong>denun-</strong></span> 
     </span>
     <span class='ocr_line' id='line_1_24' title="bbox 352 3065 1545 3155; baseline 0.003 -27"><span class='ocrx_word' id='word_1_173' title='bbox 352 3065 485 3128; x_wconf 89' lang='lat' dir='ltr'><strong>tiatione</strong></span> <span class='ocrx_word' id='word_1_174' title='bbox 507 3066 592 3149; x_wconf 85' lang='lat' dir='ltr'><strong>pacis</strong></span> <span class='ocrx_word' id='word_1_175' title='bbox 615 3067 777 3131; x_wconf 76' lang='lat' dir='ltr'><strong>seruandae</strong></span> <span class='ocrx_word' id='word_1_176' title='bbox 800 3069 899 3133; x_wconf 88' lang='lat' dir='ltr'><strong>cuiuis</strong></span> <span class='ocrx_word' id='word_1_177' title='bbox 922 3071 1109 3154; x_wconf 89' lang='lat' dir='ltr'><strong>permissum</strong></span> <span class='ocrx_word' id='word_1_178' title='bbox 1125 3074 1201 3147; x_wconf 86' lang='lat' dir='ltr'><strong>esto,</strong></span> <span class='ocrx_word' id='word_1_179' title='bbox 1226 3093 1291 3135; x_wconf 91' lang='lat' dir='ltr'><strong>non</strong></span> <span class='ocrx_word' id='word_1_180' title='bbox 1314 3070 1545 3155; x_wconf 78' lang='lat' dir='ltr'><strong>obtemperanti</strong></span> 
     </span>
     <span class='ocr_line' id='line_1_25' title="bbox 352 3171 1023 3258; baseline 0.009 -25"><span class='ocrx_word' id='word_1_181' title='bbox 352 3192 443 3258; x_wconf 79' lang='lat' dir='ltr'><strong>paena</strong></span> <span class='ocrx_word' id='word_1_182' title='bbox 464 3171 618 3258; x_wconf 84' lang='lat' dir='ltr'><strong>infligitur</strong></span> <span class='ocrx_word' id='word_1_183' title='bbox 641 3173 679 3237; x_wconf 89' lang='lat' dir='ltr'><strong>de</strong></span> <span class='ocrx_word' id='word_1_184' title='bbox 702 3172 832 3258; x_wconf 83' lang='lat' dir='ltr'><strong>Consilij</strong></span> <span class='ocrx_word' id='word_1_185' title='bbox 857 3176 1023 3240; x_wconf 88' lang='lat' dir='ltr'><strong>sententia.</strong></span> 
     </span>
    </p>

    <p class='ocr_par' dir='ltr' id='par_1_8' title="bbox 348 3275 1547 3787">
     <span class='ocr_line' id='line_1_26' title="bbox 437 3275 1546 3366; baseline 0.001 -27"><span class='ocrx_word' id='word_1_186' title='bbox 437 3275 475 3340; x_wconf 88' lang='lat' dir='ltr'><strong>In</strong></span> <span class='ocrx_word' id='word_1_187' title='bbox 499 3277 755 3344; x_wconf 82' lang='lat' dir='ltr'><strong>dimicationibus</strong></span> <span class='ocrx_word' id='word_1_188' title='bbox 777 3279 860 3343; x_wconf 87' lang='lat' dir='ltr'><strong>inter</strong></span> <span class='ocrx_word' id='word_1_189' title='bbox 875 3282 1031 3346; x_wconf 89' lang='lat' dir='ltr'><strong>studiosos</strong></span> <span class='ocrx_word' id='word_1_190' title='bbox 1048 3287 1079 3345; x_wconf 89' lang='lat' dir='ltr'><strong>ct</strong></span> <span class='ocrx_word' id='word_1_191' title='bbox 1094 3281 1268 3366; x_wconf 86' lang='lat' dir='ltr'><strong>oppidanos</strong></span> <span class='ocrx_word' id='word_1_192' title='bbox 1290 3302 1398 3346; x_wconf 90' lang='lat' dir='ltr'><strong>omnes</strong></span> <span class='ocrx_word' id='word_1_193' title='bbox 1421 3301 1546 3364; x_wconf 86' lang='lat' dir='ltr'><strong>operam</strong></span> 
     </span>
     <span class='ocr_line' id='line_1_27' title="bbox 349 3382 1546 3471; baseline 0.003 -26"><span class='ocrx_word' id='word_1_194' title='bbox 349 3382 435 3458; x_wconf 90' lang='lat' dir='ltr'><strong>dent,</strong></span> <span class='ocrx_word' id='word_1_195' title='bbox 459 3385 496 3446; x_wconf 90' lang='lat' dir='ltr'><strong>ut</strong></span> <span class='ocrx_word' id='word_1_196' title='bbox 518 3385 734 3450; x_wconf 89' lang='lat' dir='ltr'><strong>contentiones</strong></span> <span class='ocrx_word' id='word_1_197' title='bbox 756 3390 788 3450; x_wconf 93' lang='lat' dir='ltr'><strong>et</strong></span> <span class='ocrx_word' id='word_1_198' title='bbox 810 3388 1056 3452; x_wconf 87' lang='lat' dir='ltr'><strong>concertationes</strong></span> <span class='ocrx_word' id='word_1_199' title='bbox 1080 3390 1309 3471; x_wconf 87' lang='lat' dir='ltr'><strong>componantur</strong></span> <span class='ocrx_word' id='word_1_200' title='bbox 1340 3389 1372 3450; x_wconf 87' lang='lat' dir='ltr'><strong>et</strong></span> <span class='ocrx_word' id='word_1_201' title='bbox 1393 3386 1546 3449; x_wconf 87' lang='lat' dir='ltr'><strong>diriman-</strong></span> 
     </span>
     <span class='ocr_line' id='line_1_28' title="bbox 349 3484 1547 3576; baseline 0.004 -27"><span class='ocrx_word' id='word_1_202' title='bbox 349 3489 411 3550; x_wconf 89' lang='lat' dir='ltr'><strong>tnr.</strong></span> <span class='ocrx_word' id='word_1_203' title='bbox 456 3484 490 3550; x_wconf 76' lang='lat' dir='ltr'><strong>Si</strong></span> <span class='ocrx_word' id='word_1_204' title='bbox 512 3491 616 3552; x_wconf 90' lang='lat' dir='ltr'><strong>autem</strong></span> <span class='ocrx_word' id='word_1_205' title='bbox 633 3491 821 3576; x_wconf 89' lang='lat' dir='ltr'><strong>compererit</strong></span> <span class='ocrx_word' id='word_1_206' title='bbox 836 3489 980 3568; x_wconf 83' lang='lat' dir='ltr'><strong>Senatus,</strong></span> <span class='ocrx_word' id='word_1_207' title='bbox 1004 3492 1140 3575; x_wconf 88' lang='lat' dir='ltr'><strong>aliquem</strong></span> <span class='ocrx_word' id='word_1_208' title='bbox 1156 3493 1195 3556; x_wconf 91' lang='lat' dir='ltr'><strong>ad</strong></span> <span class='ocrx_word' id='word_1_209' title='bbox 1211 3492 1362 3556; x_wconf 89' lang='lat' dir='ltr'><strong>eiusmodi</strong></span> <span class='ocrx_word' id='word_1_210' title='bbox 1385 3491 1547 3556; x_wconf 88' lang='lat' dir='ltr'><strong>conflictus</strong></span> 
     </span>
     <span class='ocr_line' id='line_1_29' title="bbox 349 3592 1546 3681; baseline 0.001 -26"><span class='ocrx_word' id='word_1_211' title='bbox 349 3613 412 3655; x_wconf 88' lang='lat' dir='ltr'><strong>non</strong></span> <span class='ocrx_word' id='word_1_212' title='bbox 437 3592 532 3676; x_wconf 85' lang='lat' dir='ltr'><strong>pacis,</strong></span> <span class='ocrx_word' id='word_1_213' title='bbox 557 3595 609 3658; x_wconf 90' lang='lat' dir='ltr'><strong>sed</strong></span> <span class='ocrx_word' id='word_1_214' title='bbox 633 3597 849 3681; x_wconf 81' lang='lat' dir='ltr'><strong>augendarum</strong></span> <span class='ocrx_word' id='word_1_215' title='bbox 872 3598 1037 3662; x_wconf 87' lang='lat' dir='ltr'><strong>turbarum</strong></span> <span class='ocrx_word' id='word_1_216' title='bbox 1060 3619 1152 3662; x_wconf 88' lang='lat' dir='ltr'><strong>causa</strong></span> <span class='ocrx_word' id='word_1_217' title='bbox 1173 3597 1360 3672; x_wconf 87' lang='lat' dir='ltr'><strong>accurrisse,</strong></span> <span class='ocrx_word' id='word_1_218' title='bbox 1387 3618 1457 3660; x_wconf 90' lang='lat' dir='ltr'><strong>eum</strong></span> <span class='ocrx_word' id='word_1_219' title='bbox 1480 3617 1546 3657; x_wconf 91' lang='lat' dir='ltr'><strong>non</strong></span> 
     </span>
     <span class='ocr_line' id='line_1_30' title="bbox 348 3697 1329 3787; baseline 0.005 -28"><span class='ocrx_word' id='word_1_220' title='bbox 348 3697 471 3761; x_wconf 87' lang='lat' dir='ltr'><strong>minore</strong></span> <span class='ocrx_word' id='word_1_221' title='bbox 492 3699 660 3762; x_wconf 85' lang='lat' dir='ltr'><strong>seueritate</strong></span> <span class='ocrx_word' id='word_1_222' title='bbox 683 3722 779 3784; x_wconf 88' lang='lat' dir='ltr'><strong>quam</strong></span> <span class='ocrx_word' id='word_1_223' title='bbox 802 3701 887 3785; x_wconf 91' lang='lat' dir='ltr'><strong>ipsos</strong></span> <span class='ocrx_word' id='word_1_224' title='bbox 909 3703 1057 3767; x_wconf 85' lang='lat' dir='ltr'><strong>authores</strong></span> <span class='ocrx_word' id='word_1_225' title='bbox 1080 3711 1127 3767; x_wconf 87' lang='lat' dir='ltr'><strong>est</strong></span> <span class='ocrx_word' id='word_1_226' title='bbox 1149 3703 1329 3787; x_wconf 78' lang='lat' dir='ltr'><strong>puniturus,</strong></span> 
     </span>
    </p>
   </div>
   <div class='ocr_carea' id='block_1_6' title="bbox 394 3871 1501 4066">
    <p class='ocr_par' dir='ltr' id='par_1_9' title="bbox 394 3871 1501 4066">
     <span class='ocr_line' id='line_1_31' title="bbox 394 3871 1501 3964; baseline 0.003 -29"><span class='ocrx_word' id='word_1_227' title='bbox 394 3871 440 3936; x_wconf 88' lang='lat' dir='ltr'><strong>De</strong></span> <span class='ocrx_word' id='word_1_228' title='bbox 463 3872 502 3956; x_wconf 88' lang='lat' dir='ltr'><strong>ijs</strong></span> <span class='ocrx_word' id='word_1_229' title='bbox 525 3873 579 3956; x_wconf 91' lang='lat' dir='ltr'><strong>qui</strong></span> <span class='ocrx_word' id='word_1_230' title='bbox 602 3872 765 3940; x_wconf 84' lang='lat' dir='ltr'><strong>Carcerem</strong></span> <span class='ocrx_word' id='word_1_231' title='bbox 786 3878 837 3941; x_wconf 91' lang='lat' dir='ltr'><strong>uel</strong></span> <span class='ocrx_word' id='word_1_232' title='bbox 859 3877 1059 3964; x_wconf 83' lang='lat' dir='ltr'><strong>refringunt,</strong></span> <span class='ocrx_word' id='word_1_233' title='bbox 1084 3877 1135 3942; x_wconf 91' lang='lat' dir='ltr'><strong>uel</strong></span> <span class='ocrx_word' id='word_1_234' title='bbox 1157 3899 1228 3942; x_wconf 87' lang='lat' dir='ltr'><strong>curn</strong></span> <span class='ocrx_word' id='word_1_235' title='bbox 1250 3878 1382 3962; x_wconf 87' lang='lat' dir='ltr'><strong>captiuis</strong></span> <span class='ocrx_word' id='word_1_236' title='bbox 1405 3875 1501 3940; x_wconf 88' lang='lat' dir='ltr'><strong>collo-</strong></span> 
     </span>
     <span class='ocr_line' id='line_1_32' title="bbox 870 3987 1020 4066; baseline -0.007 -19"><span class='ocrx_word' id='word_1_237' title='bbox 870 3987 1020 4066; x_wconf 81' lang='lat' dir='ltr'><strong>quantur.</strong></span> 
     </span>
    </p>
   </div>
   <div class='ocr_carea' id='block_1_7' title="bbox 347 4119 1546 4418">
    <p class='ocr_par' dir='ltr' id='par_1_10' title="bbox 347 4119 1546 4418">
     <span class='ocr_line' id='line_1_33' title="bbox 435 4119 1546 4210; baseline -0.003 -25"><span class='ocrx_word' id='word_1_238' title='bbox 435 4119 649 4186; x_wconf 80' lang='lat' dir='ltr'><strong>Carcerem</strong></span> <span class='ocrx_word' id='word_1_239' title='bbox 675 4145 714 4188; x_wconf 92' lang='lat' dir='ltr'><strong>ne</strong></span> <span class='ocrx_word' id='word_1_240' title='bbox 738 4123 808 4208; x_wconf 90' lang='lat' dir='ltr'><strong>quis</strong></span> <span class='ocrx_word' id='word_1_241' title='bbox 829 4125 997 4210; x_wconf 82' lang='lat' dir='ltr'><strong>refringito</strong></span> <span class='ocrx_word' id='word_1_242' title='bbox 1019 4147 1099 4188; x_wconf 89' lang='lat' dir='ltr'><strong>neue</strong></span> <span class='ocrx_word' id='word_1_243' title='bbox 1123 4127 1316 4209; x_wconf 83' lang='lat' dir='ltr'><strong>oppugnato,</strong></span> <span class='ocrx_word' id='word_1_244' title='bbox 1339 4121 1484 4206; x_wconf 87' lang='lat' dir='ltr'><strong>captiuos</strong></span> <span class='ocrx_word' id='word_1_245' title='bbox 1506 4139 1546 4183; x_wconf 92' lang='lat' dir='ltr'><strong>ne</strong></span> 
     </span>
     <span class='ocr_line' id='line_1_34' title="bbox 348 4224 1544 4306; baseline -0.003 -16"><span class='ocrx_word' id='word_1_246' title='bbox 348 4230 477 4292; x_wconf 81' lang='lat' dir='ltr'><strong>conatur</strong></span> <span class='ocrx_word' id='word_1_247' title='bbox 501 4226 639 4306; x_wconf 84' lang='lat' dir='ltr'><strong>educere,</strong></span> <span class='ocrx_word' id='word_1_248' title='bbox 664 4228 809 4304; x_wconf 82' lang='lat' dir='ltr'><strong>eximere,</strong></span> <span class='ocrx_word' id='word_1_249' title='bbox 835 4227 916 4291; x_wconf 90' lang='lat' dir='ltr'><strong>clam</strong></span> <span class='ocrx_word' id='word_1_250' title='bbox 932 4228 1003 4292; x_wconf 90' lang='lat' dir='ltr'><strong>dolo</strong></span> <span class='ocrx_word' id='word_1_251' title='bbox 1019 4227 1112 4306; x_wconf 88' lang='lat' dir='ltr'><strong>malo,</strong></span> <span class='ocrx_word' id='word_1_252' title='bbox 1137 4229 1178 4304; x_wconf 85' lang='lat' dir='ltr'><strong>ui,</strong></span> <span class='ocrx_word' id='word_1_253' title='bbox 1203 4227 1306 4303; x_wconf 89' lang='lat' dir='ltr'><strong>armis,</strong></span> <span class='ocrx_word' id='word_1_254' title='bbox 1331 4224 1544 4288; x_wconf 87' lang='lat' dir='ltr'><strong>coniuratione</strong></span> 
     </span>
     <span class='ocr_line' id='line_1_35' title="bbox 347 4329 1545 4418; baseline -0.004 -22"><span class='ocrx_word' id='word_1_255' title='bbox 347 4333 438 4398; x_wconf 85' lang='lat' dir='ltr'><strong>facta.</strong></span> <span class='ocrx_word' id='word_1_256' title='bbox 484 4331 517 4397; x_wconf 80' lang='lat' dir='ltr'><strong>Si</strong></span> <span class='ocrx_word' id='word_1_257' title='bbox 548 4333 619 4418; x_wconf 90' lang='lat' dir='ltr'><strong>quis</strong></span> <span class='ocrx_word' id='word_1_258' title='bbox 649 4335 758 4398; x_wconf 79' lang='lat' dir='ltr'><strong>lecerit</strong></span> <span class='ocrx_word' id='word_1_259' title='bbox 789 4333 918 4418; x_wconf 89' lang='lat' dir='ltr'><strong>periurij</strong></span> <span class='ocrx_word' id='word_1_260' title='bbox 948 4355 1071 4417; x_wconf 87' lang='lat' dir='ltr'><strong>paeuam</strong></span> <span class='ocrx_word' id='word_1_261' title='bbox 1103 4333 1182 4397; x_wconf 89' lang='lat' dir='ltr'><strong>luito</strong></span> <span class='ocrx_word' id='word_1_262' title='bbox 1212 4335 1244 4396; x_wconf 89' lang='lat' dir='ltr'><strong>et</strong></span> <span class='ocrx_word' id='word_1_263' title='bbox 1266 4330 1306 4394; x_wconf 94' lang='lat' dir='ltr'><strong>ab</strong></span> <span class='ocrx_word' id='word_1_264' title='bbox 1329 4329 1545 4394; x_wconf 83' lang='lat' dir='ltr'><strong>Vniuersitate</strong></span> 
     </span>
    </p>
   </div>
   <div class='ocr_carea' id='block_1_8' title="bbox 346 4435 1546 4628">
    <p class='ocr_par' dir='ltr' id='par_1_11' title="bbox 346 4435 1546 4628">
     <span class='ocr_line' id='line_1_36' title="bbox 346 4435 743 4502; baseline -0.003 0"><span class='ocrx_word' id='word_1_265' title='bbox 346 4435 537 4502; x_wconf 82' lang='lat' dir='ltr'><strong>Scholastica</strong></span> <span class='ocrx_word' id='word_1_266' title='bbox 560 4437 743 4502; x_wconf 82' lang='lat' dir='ltr'><strong>excluditur.</strong></span> 
     </span>
     <span class='ocr_line' id='line_1_37' title="bbox 435 4541 1546 4628; baseline -0.005 -20"><span class='ocrx_word' id='word_1_267' title='bbox 435 4542 596 4610; x_wconf 83' lang='lat' dir='ltr'><strong>Carcerem</strong></span> <span class='ocrx_word' id='word_1_268' title='bbox 626 4543 703 4608; x_wconf 88' lang='lat' dir='ltr'><strong>item</strong></span> <span class='ocrx_word' id='word_1_269' title='bbox 733 4564 772 4606; x_wconf 91' lang='lat' dir='ltr'><strong>ne</strong></span> <span class='ocrx_word' id='word_1_270' title='bbox 802 4543 872 4628; x_wconf 86' lang='lat' dir='ltr'><strong>quis</strong></span> <span class='ocrx_word' id='word_1_271' title='bbox 906 4564 985 4606; x_wconf 89' lang='lat' dir='ltr'><strong>vnus</strong></span> <span class='ocrx_word' id='word_1_272' title='bbox 1016 4541 1161 4626; x_wconf 86' lang='lat' dir='ltr'><strong>pluresue</strong></span> <span class='ocrx_word' id='word_1_273' title='bbox 1192 4541 1381 4617; x_wconf 87' lang='lat' dir='ltr'><strong>accedunto,</strong></span> <span class='ocrx_word' id='word_1_274' title='bbox 1412 4561 1452 4604; x_wconf 90' lang='lat' dir='ltr'><strong>ne</strong></span> <span class='ocrx_word' id='word_1_275' title='bbox 1474 4557 1546 4602; x_wconf 89' lang='lat' dir='ltr'><strong>cum</strong></span> 
     </span>
    </p>
   </div>
   <div class='ocr_carea' id='block_1_9' title="bbox 0 0 1736 5320">
    <p class='ocr_par' dir='ltr' id='par_1_12' title="bbox 0 0 1736 5320">
     <span class='ocr_line' id='line_1_38' title="bbox 0 0 1736 5320; baseline 0 0"><span class='ocrx_word' id='word_1_276' title='bbox 0 0 1736 5320; x_wconf 95' lang='lat' dir='ltr'><strong> </strong></span> 
     </span>
    </p>
   </div>
  </div>
 </body>
</html>
