3464 5318
359 472 421 535 110
693 467 736 522 22.
749 455 907 524 'conductio
926 467 1003 523 Petri
1024 467 1112 522 Brnni
1135 469 1208 524 lbos.

355 626 454 690 liberm
476 646 547 708 quse
569 624 607 689 de
633 623 752 688 talibus
775 621 959 707 disponunt,
983 645 1046 709 quo
1071 624 1111 689 ad
1127 623 1307 689 huiusmodi
1322 624 1559 706 relaxationem,

355 729 473 794 nullius
495 729 562 792 sint
585 728 706 793 roboris
730 747 785 792 seu
808 726 973 790 momenti.

442 833 481 898 In
504 853 638 916 quorum
662 831 757 896 fidem
785 833 947 916 presentes
971 831 1080 897 literas
1103 833 1171 898 fieri
1186 834 1350 917 nostrique
1372 834 1473 920 sigilli
1495 836 1559 900 ius-

356 940 454 1004 simus
475 937 667 1022 appensione
689 936 888 1002 communiri.
934 935 1055 1001 Datum
1078 937 1172 1002 Ulmo
1194 937 1449 1004 constanciensis
1469 939 1558 1006 Diuo.

355 1045 451 1109 Anno
473 1042 699 1108 incarnationis
730 1041 897 1106 dominium
928 1041 1097 1107 millesimo
1128 1043 1383 1130 quingentesimo
1411 1045 1557 1110 seeundo.

356 1149 449 1214 Pout.
471 1147 668 1213 Sanctissimi
699 1147 733 1212 in
754 1146 883 1212 Christo
906 1145 1011 1212 Putris
1043 1151 1077 1212 et
1098 1147 1229 1214 Domini
1258 1151 1360 1216 nostri
1382 1150 1558 1216 Alexandri

355 1255 464 1319 diuina
486 1252 687 1338 prouidentia
709 1252 795 1337 Pape
817 1251 918 1317 Sexti.
965 1253 1060 1318 Anno
1083 1254 1212 1318 decimo.

1262 1357 1470 1424 Baimuudus.

421 1565 504 1622 Univ.
523 1565 626 1621 Arobiv
650 1565 707 1622 Mb.
726 1565 747 1620 Ι.
767 1567 843 1622 ldbb.
880 1566 960 1636 Perg.
980 1566 1031 1622 das
1052 1565 1145 1635 Siegel
1162 1566 1246 1622 fehlt.

934 1971 994 2046 22.

464 2183 671 2259 Conduntio
697 2182 833 2256 Petri
860 2182 1031 2271 Bruni‚
1062 2181 1121 2256 24.
1151 2180 1300 2274 August
1331 2179 1442 2254 1503.

440 2393 605 2462 Uniuersis
636 2396 669 2458 et
699 2391 836 2477 siugulis
868 2390 1065 2476 presentium
1087 2389 1318 2474 inspectoribus
1348 2409 1407 2474 ego
1429 2388 1556 2456 Prraus

355 2497 449 2564 Banu
472 2498 511 2562 de
530 2496 672 2563 Kirebeu
695 2519 782 2562 saure
805 2495 966 2582 theologie
988 2495 1169 2560 licentiatus
1190 2499 1301 2560 notum
1324 2516 1390 2560 esse
1412 2494 1484 2560 volo
1506 2516 1563 2579 per

354 2603 478 2670 eosdem
500 2624 537 2667 ae
558 2623 751 2689 reoognoseo
775 2605 808 2668 et
830 2599 980 2685 profiteor
1002 2621 1113 2668 verum
1135 2621 1212 2678 esse,
1236 2599 1319 2683 quod
1334 2619 1394 2686 ogo
1416 2620 1473 2684 per
1494 2599 1560 2665 exi-

352 2710 433 2774 mios
455 2707 642 2794 spectabiles
666 2710 700 2770 et
720 2705 918 2772 venerabiles
944 2706 1028 2770 siros
1045 2704 1188 2770 dominos
1209 2703 1377 2770 Iteetorem
1399 2703 1560 2770 Cauralla·

353 2815 437 2879 rium
453 2813 607 2880 Doctores
629 2815 661 2877 et
678 2810 849 2895 Magistros
867 2833 905 2876 ex
920 2810 1120 2876 ordinatione
1135 2811 1295 2895 quondum
1310 2809 1450 2876 illustris
1471 2810 1560 2895 prin·

353 2919 435 3002 cipis
446 2915 622 2984 Eberhardi
645 2916 686 2982 ad
702 2914 762 2980 boc
783 2915 950 3000 deputatos
972 2915 1012 2980 ad
1028 2914 1197 3000 legendum
1211 2919 1245 2980 et
1260 2915 1433 2981 dedendum
1456 2915 1559 3000 quoad

354 3024 462 3088 vixero
484 3022 610 3106 publice
634 3021 679 3086 in
701 3042 824 3086 sacru
846 3019 1074 3106 theologia
1096 3021 1130 3084 in
1153 3020 1245 3086 soolis
1267 3020 1438 3086 eorundem
1460 3019 1560 3084 faoul·

353 3128 429 3192 tatis
463 3131 496 3191 et
527 3126 744 3191 uniuersitatis
778 3125 914 3211 sinffrlis
949 3126 1169 3210 temporibus,
1200 3127 1314 3211 quibus
1344 3127 1378 3190 iu
1409 3126 1561 3191 facultate

351 3229 531 3316 theologius
561 3230 651 3306 iuxta
685 3231 918 3296 ordinationem
950 3234 1017 3296 tam
1047 3232 1207 3314 quondam
1228 3230 1370 3298 Illustris
1406 3229 1559 3314 principis

353 3359 448 3422 quum
471 3335 686 3400 uniuersitatis
717 3340 749 3402 et
779 3335 941 3402 facultatis
972 3337 1144 3402 earundem
1166 3337 1231 3422 legi
1253 3339 1438 3423 consuetum
1459 3335 1557 3402 fuerit

352 3447 385 3506 et
406 3440 559 3516 debitum,
582 3445 766 3524 assumptus
789 3463 861 3506 sum
882 3441 1055 3508 oonduotus
1076 3442 1251 3508 solenniter
1273 3445 1307 3506 et
1329 3440 1502 3506 ordinatus.

439 3545 508 3610 Hau
523 3545 757 3610 interueniente
773 3546 980 3628 condictione,
1005 3547 1088 3631 quod
1104 3547 1173 3630 ipsa
1193 3545 1394 3623 vniuersitss,
1416 3545 1559 3610 doctores

352 3655 383 3716 et
405 3649 550 3735 magistri
573 3670 643 3714 eam
674 3654 928 3734 representantes
960 3656 1125 3718 eteorum
1147 3671 1356 3728 successores,
1388 3649 1470 3714 mihi
1492 3649 1560 3714 siu-

351 3756 436 3840 gulis
458 3754 553 3820 unnis
576 3755 678 3838 quoad
705 3755 813 3820 vixero
836 3760 869 3822 et
892 3757 924 3821 in
949 3778 1158 3841 unoquoque
1180 3755 1352 3821 eorundem
1374 3753 1481 3820 salarii
1504 3775 1561 3818 uo-

352 3860 437 3924 mine
460 3859 694 3945 quinquaginta
716 3859 852 3925 florenos
875 3860 1058 3929 Rhenenses
1081 3862 1181 3928 bonos
1204 3864 1236 3925 et
1258 3859 1375 3944 legulos
1397 3858 1472 3924 dare
1495 3857 1559 3922 sol·

350 3985 423 4028 uere
445 3968 477 4027 et
499 3963 710 4029 effectualiter
739 3965 904 4051 assignare
935 3965 1061 4032 deberet
1093 3987 1129 4032 ao
1150 3967 1312 4032 teneretur
1335 3963 1457 4046 absque
1479 3962 1558 4028 meis

352 4068 467 4135 damno
490 4073 523 4133 et
544 4069 724 4156 sumptibus
747 4073 780 4135 et
796 4071 948 4156 expensis.
994 4070 1046 4136 Ite.
1062 4074 1171 4136 tamen
1186 4069 1272 4153 quod
1287 4069 1314 4132 si
1331 4066 1424 4132 alteri
1446 4069 1559 4150 quarto

351 4174 389 4240 de
410 4173 462 4238 vie
483 4173 546 4237 alia
564 4174 666 4238 maius
696 4175 894 4260 stipendium
917 4176 986 4240 dari
1009 4176 1225 4261 contingeret,
1259 4172 1460 4258 quodetiam
1484 4175 1557 4234 ban·

351 4279 481 4342 tundem
509 4277 589 4342 mihi
619 4279 775 4366 assignari
807 4285 985 4348 teneantur.
1039 4279 1146 4346 Etiam
1178 4279 1206 4346 si
1229 4276 1409 4342 ordinarius
1440 4274 1561 4340 habens

350 4387 477 4448 eentum
499 4383 537 4448 de
560 4385 610 4448 via
641 4405 710 4450 mea
736 4385 859 4451 cederet
881 4386 929 4452 vel
954 4385 1135 4464 decederet,
1166 4384 1250 4470 quod
1272 4382 1374 4448 eidem
1397 4380 1562 4446 succedere

352 4488 384 4554 iu
408 4489 556 4556 omnibus
587 4488 719 4556 habeam
754 4491 941 4556 facultatem
964 4490 1115 4569 liberam,
1148 4493 1280 4574 propter
1311 4485 1394 4570 quod
1418 4485 1457 4550 ad
1481 4485 1559 4552 reci-
