3464 5318
327 473 389 536 146
625 471 667 524 33.
687 468 834 525 Ordinatio
852 468 937 537 Regis
955 467 1124 523 Ferdinandi
1146 470 1222 526 1525.

323 633 429 693 tamen
452 629 558 692 minus
581 649 779 693 communem
801 628 985 713 opinionem
1012 627 1147 692 aliorum
1170 627 1343 694 Doctorum
1367 632 1398 693 et
1420 629 1524 712 preci-

323 755 385 818 pue
407 755 541 817 quorum
564 733 684 818 scripta
698 735 732 798 in
748 733 913 798 Cathedris
929 733 1127 816 frequentius
1142 733 1292 810 citantur,
1316 732 1525 798 Auditoribus

321 837 467 902 inculcet.
514 838 670 904 Caeterum
694 838 727 900 in
751 835 1130 921 disputationibus
1162 838 1377 902 conclusiones
1399 836 1432 900 iu
1457 860 1525 902 ma-

322 942 403 1006 teria
426 942 613 1027 disputabili
635 959 725 1004 more
747 941 934 1005 scholastico
957 945 1184 1025 proponantur,
1208 964 1278 1025 quae
1298 964 1369 1006 cum
1387 942 1525 1025 receptis

322 1046 497 1111 Doctorum
519 1047 686 1130 sententijs
710 1049 871 1130 pugnent,
907 1050 942 1109 vt
974 1047 1046 1110 inde
1069 1045 1260 1112 Auditorum
1284 1048 1414 1133 ingenia
1436 1069 1523 1109 exer-

323 1156 462 1216 ceantur.

323 1325 580 1390 Medicorum
604 1322 710 1388 Ordo
733 1325 776 1387 in
799 1323 1085 1389 Lectionibus
1108 1323 1196 1388 suis
1219 1324 1523 1390 obseruandus

409 1464 603 1548 Interpretes
634 1463 798 1528 Medicinae
832 1463 967 1528 Cursum
998 1485 1090 1527 suurn
1122 1463 1401 1546 quadriennio
1436 1485 1532 1536 com-‚

322 1569 440 1654 pleant.
486 1568 911 1634 AntemeridianeTheorica
934 1569 977 1632 eit
1000 1569 1103 1645 lectio,
1127 1567 1307 1652 Doceatque
1330 1570 1466 1654 primum
1492 1574 1524 1633 et

323 1675 493 1738 secundum
507 1674 573 1738 Fen
588 1674 684 1758 primi
700 1671 836 1738 Carrenis
847 1673 1028 1752 Auicennae‚
1046 1672 1260 1760 Micrctechni
1273 1673 1395 1753 Galeni,
1413 1674 1522 1757 Apho-

325 1778 438 1842 rismos
456 1777 679 1862 Hyppocratis
726 1776 803 1841 Post
826 1777 991 1842 meridiem
1006 1777 1144 1860 practice
1159 1777 1270 1861 legant
1293 1781 1441 1861 quartum
1457 1778 1522 1842 Fen

323 1883 419 1966 primi
435 1881 572 1948 Cononis
589 1883 756 1968 quartique
772 1881 907 1946 Cononis
930 1881 1068 1965 primum
1085 1881 1167 1945 Item
1184 1881 1311 1945 Nonum
1334 1883 1372 1946 ad
1390 1882 1523 1946 Alman-

323 2009 425 2052 sorem
442 1991 474 2052 et
488 1987 625 2052 Cononis
641 1987 813 2052 Auicennae
825 1986 979 2050 Tertium.
1025 1985 1159 2071 Singulo
1175 1987 1287 2052 saltem
1304 1987 1523 2071 quinquennio

323 2091 589 2157 Anatomiam
612 2093 680 2157 fieri
704 2092 885 2155 inst'tusnt.

739 2335 794 2399 De
817 2336 1104 2400 Aromstorio

408 2512 487 2576 Cum
518 2533 579 2576 non
610 2511 702 2576 modo
726 2510 914 2594 expediam,
947 2511 1000 2574 scd
1032 2511 1162 2575 omnino
1194 2509 1291 2574 etiarn
1313 2510 1523 2602 necessarium

323 2615 447 2694 existat,
471 2618 508 2679 ut
522 2615 821 2680 Aromatarius
845 2614 1041 2697 simplicibus
1057 2615 1176 2698 pariter
1199 2619 1231 2679 et
1245 2615 1428 2699 compositis
1450 2615 1523 2699 pig-

321 2721 437 2784 mentis
459 2721 630 2786 secundum
646 2718 737 2784 Artis
760 2719 913 2802 requisito
934 2722 966 2782 et
981 2723 1140 2803 praecepta
1154 2720 1197 2783 sit
1219 2720 1392 2783 instructus
1408 2740 1521 2782 eorun-

321 2825 452 2910 demque
464 2825 615 2890 ¹Minister
637 2831 668 2889 et
692 2827 838 2908 expertus
860 2826 893 2887 et
915 2822 1082 2908 admodum
1106 2823 1242 2908 diligens
1264 2844 1371 2887 curam
1394 2822 1518 2898 habeat,

321 2952 383 3013 quo
406 2928 561 2995 Antidota
584 2934 615 2994 ct
637 2928 812 2993 Pharmaca
841 2931 1014 3010 caeteraque
1042 2927 1222 2992 medicinali
1253 2927 1323 2990 usui
1345 2926 1521 2992 necessaria

320 3033 425 3098 debito
448 3032 594 3099 Artificis
623 3033 777 3117 modoque
800 3032 1008 3096 conficiantur
1030 3036 1062 3095 et
1092 3032 1372 3108 administrentur,
1404 3031 1519 3095 Iccirco

320 3158 409 3200 mens
431 3145 526 3222 atque
549 3135 655 3203 Jussio
678 3141 788 3202 nostra
811 3140 875 3212 est,
905 3142 939 3202 vt
962 3137 1001 3200 ad
1023 3136 1127 3199 minus
1156 3135 1292 3220 singulis
1316 3136 1408 3199 anilis
1430 3135 1518 3219 Apo-

320 3241 412 3306 theco
433 3243 590 3306 uisitetur.
644 3240 730 3317 Quod
756 3243 783 3305 si
805 3240 1027 3306 Aromatorius
1058 3263 1116 3324 pro
1138 3245 1280 3325 tempore
1303 3239 1519 3304 lurisdictioni

319 3345 546 3412 Vniuersitatis
568 3347 743 3422 subfuerit‚
774 3347 843 3430 ipsa
866 3345 1065 3410 Vniuersitas
1087 3367 1144 3429 per
1166 3344 1350 3409 Ordinarios
1372 3344 1521 3422 Medione,

322 3473 456 3516 unacum
479 3451 549 3536 alijs
574 3451 710 3516 eiusdem
726 3450 886 3515 facultatis
899 3450 1132 3515 Professoribus
1149 3455 1224 3515 tunc
1239 3449 1447 3534 presentibus,
1471 3450 1522 3514 uel

319 3556 437 3620 talibus
469 3557 652 3648 absentibus
685 3579 739 3640 per
763 3557 840 3620 alios
874 3557 989 3640 probos
1017 3557 1101 3620 viros
1124 3555 1320 3639 Apothecam
1348 3556 1519 3638 quotannis

319 3661 493 3725 examinari
515 3662 644 3726 faciant.
690 3661 917 3726 siscanum
947 3660 1092 3725 subditus
1114 3658 1266 3724 Praefecto
1289 3658 1456 3736 Ciuitatis,
1490 3658 1521 3721 ls

319 3787 390 3828 cunr
413 3765 530 3830 ciuium
553 3765 709 3851 Magistro
733 3766 886 3830 eiusmodi
908 3766 1122 3830 visitationem
1145 3764 1213 3828 fieri
1236 3769 1355 3828 curent.

405 3870 503 3934 Porro
527 3893 589 3953 quo
612 3871 782 3935 securiores
806 3871 913 3948 simus,
939 3875 974 3934 ut
998 3893 1093 3954 quam
1109 3869 1277 3932 minimum
1294 3868 1520 3932 inconuenien-

319 3975 372 4039 tiae
394 3979 427 4039 et
449 3976 587 4039 defectus
609 3976 691 4038 circu
713 3976 863 4059 praedicta
887 3976 925 4039 de
947 3980 1059 4040 caetero
1075 3976 1250 4060 contingat,
1274 3978 1384 4040 nostra
1403 3975 1523 4059 pariter

319 4083 367 4144 est
389 4080 536 4144 uoluntas
568 4101 730 4164 expressa,
764 4084 799 4144 vt
821 4081 901 4144 alius
932 4081 1025 4144 modo
1047 4080 1168 4165 peritus
1191 4079 1225 4142 in
1247 4078 1325 4142 Arte
1348 4101 1405 4142 sua
1427 4080 1522 4143 fuerit

318 4183 547 4260 Aromatarius,
572 4206 666 4268 quem
689 4182 814 4268 praefsti
836 4182 952 4247 Medici
975 4188 1006 4246 et
1028 4184 1206 4248 visitatores
1230 4187 1353 4247 maturo
1375 4205 1522 4267 syncero-

318 4309 379 4369 que
402 4287 516 4351 iudicio
532 4287 680 4351 idoneum
695 4309 761 4351 esse
776 4288 996 4366 iudicauerint,
1020 4290 1054 4352 in
1069 4288 1130 4354 hoc
1145 4287 1305 4373 Oppidum
1321 4292 1520 4364 assumatur;

319 4391 393 4454 Non
424 4392 571 4456 obstante
604 4413 789 4477 quocunque
812 4391 988 4477 Priuilegio
1020 4393 1224 4458 Concessione
1257 4394 1323 4457 siue
1354 4395 1458 4478 gratia
1487 4393 1521 4456 in

326 4499 520 4562 contrarium
543 4497 686 4561 faciente.
734 4497 852 4573 Quibus
868 4519 905 4561 ex
921 4499 1014 4564 certis
1029 4498 1206 4564 rationibus
1221 4499 1362 4564 animuin
1378 4504 1523 4564 nostrum
