3460 5314
820 445 951 504 Fecrrltas
968 443 1083 505 Medica.

593 679 648 744 De
671 679 884 765 neglectis
906 679 945 742 in
968 676 1155 742 docendo
1178 677 1308 744 horis.

438 821 471 886 Si
501 821 572 903 quis
601 819 731 885 docendi
759 818 953 884 functionem
984 817 1023 883 ad
1053 839 1163 903 aegros
1195 822 1284 883 extra
1314 818 1408 884 huius
1438 816 1550 901 oppidi

351 927 476 992 moenia
497 925 678 990 habitantes
700 929 839 1002 uocatus,
863 946 962 989 unum
984 928 1040 988 aut
1062 924 1197 989 alterum
1224 925 1307 990 diem
1329 923 1547 999 intermiserit,

351 1031 377 1096 is
400 1032 439 1095 de
461 1031 614 1116 neglectis
637 1029 824 1112 lectionibus
857 1031 941 1115 quod
971 1030 1129 1096 ordinatio
1151 1029 1363 1096 Illustrissimi
1394 1027 1578 1126 principis·

350 1138 467 1202 statuit
488 1138 563 1201 fiseo
587 1135 713 1220 pendat.

430 1363 486 1429 De
508 1367 699 1430 anatome
721 1385 788 1428 seu
811 1361 1004 1447 corporis
1027 1361 1287 1427 dissectione
1309 1362 1462 1428 fienda.

848 1519 974 1585 Titulus
998 1519 1036 1583 V.

431 1661 573 1746 Singulis
597 1659 688 1724 annis
710 1659 768 1736 bis,
792 1659 818 1723 si
841 1659 909 1722 fieri
931 1659 1092 1724 commode
1113 1663 1225 1743 potest,
1253 1660 1379 1744 integra
1401 1662 1544 1746 corporis
1567 1673 1571 1682 '

347 1769 477 1832 hnmani
500 1772 555 1832 aut
579 1766 679 1851 partis
703 1765 815 1829 saltem
829 1765 965 1830 eiusdem
982 1764 1113 1829 alieuius
1136 1764 1335 1830 dissectio
1357 1766 1541 1831 celebrator.

345 1871 429 1938 Dum
453 1872 597 1937 dissectio
619 1872 771 1949 habetur,
804 1869 930 1954 aliquod
953 1870 990 1934 de
1012 1891 1048 1934 ea
1070 1891 1103 1933 re
1127 1868 1292 1949 Galesi,
1323 1871 1377 1954 qui
1409 1871 1442 1935 in
1465 1893 1541 1936 eon·

343 1979 534 2044 sectionibus
565 1978 842 2043 exercitatissimus
877 1977 956 2056 fuit,
990 1977 1142 2061 scriptum
1173 1975 1389 2061 praelegatur‚
1421 1981 1453 2041 et
1484 1978 1540 2061 qui

342 2082 499 2168 praelegit
521 2106 557 2148 ea
580 2105 660 2167 quae
682 2083 736 2147 ille
759 2083 848 2147 docet
869 2081 1046 2147 uidentium
1073 2085 1105 2146 et
1127 2081 1341 2146 assistentium
1363 2082 1461 2147 oculis
1484 2083 1540 2148 de-

340 2192 505 2254 monstret.
560 2188 758 2254 Mundini
788 2188 825 2252 de
848 2191 993 2252 anatome
1014 2186 1185 2270 scriptum,
1217 2187 1300 2270 quod
1323 2186 1475 2254 hactenus
1497 2187 1539 2251 ad

340 2315 409 2358 eam
430 2315 497 2358 rem
519 2293 697 2360 adhibitum
720 2298 779 2372 est,
803 2293 886 2378 quod
908 2292 1030 2358 mendis
1052 2295 1084 2357 et
1106 2291 1217 2356 erratis
1241 2293 1416 2358 innumeris
1438 2293 1537 2358 refer·

339 2402 407 2464 tum
430 2401 482 2477 sit,
505 2421 633 2484 prorsus
656 2400 881 2486 negligendum
905 2400 975 2465 erit.
1019 2397 1204 2481 Quicunque
1227 2398 1410 2463 dissectioni
1433 2398 1535 2463 inter-

337 2527 404 2570 esse
426 2505 578 2583 uoluerit,
608 2527 722 2584 vnum,
754 2506 779 2570 si
802 2507 927 2592 integra
948 2505 1055 2582 fucrit,
1077 2503 1244 2582 florinum,
1269 2503 1302 2569 Si
1324 2525 1398 2569 uero
1423 2505 1535 2589 partis,

337 2609 501 2674 dimidium
525 2614 580 2674 aut
603 2613 748 2694 quartam
772 2611 878 2676 florini
901 2615 1024 2695 partem
1052 2611 1142 2675 iuxta
1164 2608 1296 2700 Collegii
1319 2609 1412 2674 huius
1436 2610 1536 2675 studii

337 2716 592 2780 aestimationem
615 2715 740 2793 soluite,
763 2720 799 2782 vt
821 2739 858 2782 ex
880 2717 1021 2802 pecuniis
1047 2714 1186 2780 collectis
1210 2716 1383 2780 necessaria
1405 2737 1534 2798 compa·

334 2824 455 2886 rentur.
500 2819 660 2886 Immunes
683 2826 790 2886 tamen
814 2823 879 2886 sint
901 2820 1031 2886 Domini
1052 2820 1204 2886 Doctores
1236 2821 1273 2885 dc
1296 2820 1427 2885 consilio
1449 2819 1533 2885 Vni-

332 2926 491 2992 ucrsitatis
514 2949 615 3012 neque
637 2927 677 2992 ab
699 2927 763 2992 illis
785 2929 953 3012 quicquam
975 2926 1123 2992 mercedis
1146 2925 1273 3010 nomine
1295 2926 1448 3011 exigatur.

332 3153 390 3222 De
413 3155 641 3243 discipulis
657 3155 1084 3224 studiimedieinaeet
1100 3155 1530 3243 petitionehonorum.

342 3263 346 3272 “
825 3293 951 3358 nisurus
975 3291 1030 3358 vr.
1080 3378 1085 3386 Ι

414 3452 599 3538 Quicunque
620 3454 681 3518 sibi
703 3453 888 3519 honores
911 3453 1035 3518 decerni
1058 3456 1184 3537 petent,
1219 3453 1329 3518 ordine
1351 3457 1382 3518 et
1405 3455 1465 3518 rite
1488 3457 1530 3521 ad

331 3559 404 3624 illos
427 3560 605 3644 procedant.
649 3559 862 3624 Detineantur
885 3559 992 3642 itaque
1014 3559 1049 3623 in
1071 3559 1131 3624 hoc
1154 3558 1259 3623 studio
1282 3562 1366 3624 certo
1389 3581 1424 3624 ac
1446 3560 1528 3646 legi-

329 3663 409 3728 timo
432 3664 567 3748 quodam
590 3669 739 3750 tempore,
762 3687 803 3728 ne
825 3665 937 3729 leuiter
961 3665 1031 3748 quis
1054 3664 1131 3729 artis
1155 3664 1328 3749 degustatis
1352 3667 1528 3749 praeceptis

329 3790 396 3833 sese
417 3791 475 3854 pro
498 3771 639 3837 absolute
661 3770 809 3836 instituto
825 3771 974 3835 uenditet.
1021 3769 1061 3834 Et
1084 3792 1153 3835 cum
1177 3792 1275 3834 vnum
1297 3770 1437 3835 omnium
1459 3792 1528 3837 ease

326 3878 451 3959 tempus
475 3897 537 3940 non
555 3875 708 3961 expediat,
732 3876 786 3960 qui
803 3880 895 3942 antea
909 3876 1130 3962 philosophiae
1146 3879 1315 3961 praecepta
1330 3876 1526 3960 perdidicere

324 3983 357 4044 et
378 3980 555 4066 Megisterii
585 3981 718 4047 honores
748 3983 907 4047 consecuti
930 3987 1021 4060 sunt,
1056 3982 1090 4046 hi
1113 3983 1255 4066 integros
1278 4003 1323 4044 an
1336 4003 1413 4046 nos
1435 3986 1524 4048 tres
1618 4009 1621 4014 ·

324 4084 497 4150 medicinae
518 4087 633 4152 studiis
656 4087 856 4172 inuigilanto.
902 4088 968 4153 Alii
993 4089 1047 4172 qui
1069 4087 1127 4152 hos
1154 4088 1289 4152 honores
1315 4108 1379 4151 non
1403 4087 1522 4154 ambie-

322 4194 397 4255 runt
419 4213 552 4256 annos
574 4196 755 4277 quatuor
777 4215 904 4276 operam
919 4193 1090 4259 medicinae
1106 4195 1253 4258 nonanto.
1289 4191 1423 4276 Vtrique
1446 4215 1521 4279 pro-

320 4296 452 4361 fessores
475 4295 561 4361 illius
584 4297 708 4363 assiduo
730 4302 763 4363 et
778 4297 948 4384 diligenter
973 4299 1134 4376 audiunto,
1158 4298 1279 4362 nullam
1301 4296 1411 4362 horam
1433 4298 1520 4363 illius

320 4400 481 4468 doctrinae
505 4404 702 4491 negligunt),
726 4389 912 4490 praesertim
935 4427 1012 4488 quas
1034 4403 1143 4468 audire
1164 4401 1342 4487 legitimmn
1365 4403 1417 4466 sit.

406 4505 508 4573 Nemo
531 4509 777 4594 adpetitionem
800 4509 955 4575 honorum
975 4510 1163 4587 admittitor,
1188 4508 1243 4592 qui
1260 4528 1324 4573 non
1347 4509 1442 4574 semel
1464 4531 1517 4574 or·
