3460 5314
594 471 710 526 Statuta
730 471 796 529 1477
815 471 940 526 111505.
1309 473 1371 538 335

171 637 290 699 textum
313 633 414 718 legat,
438 634 593 714 quatenus
614 630 754 698 Scolares
779 651 887 694 omnes
917 633 1022 692 textus
1045 649 1118 692 suos
1142 627 1234 712 (quos
1257 627 1374 694 babere

171 739 297 824 debent)
327 737 483 820 corrigere
512 736 638 820 possint
662 739 694 800 et
718 735 890 819 punctura,
920 733 1032 798 deinde
1053 736 1177 797 textum
1201 733 1369 799 diuidendo

172 847 202 908 et
222 841 429 906 artificialiter
451 841 671 906 continuando
695 840 889 906 sentenciam
921 841 1091 904 summario
1113 844 1146 904 et
1167 861 1224 922 per
1246 840 1376 905 modum

171 947 380 1014 conclusionis
403 947 570 1031 exprimat,
594 945 694 1012 nichil
717 947 755 1011 ad
779 967 900 1029 pennas
923 944 1025 1008 dando
1048 943 1186 1027 exceptis
1212 944 1377 1009 dumtaxat

172 1053 379 1118 diuisionibus
402 1050 702 1118 continuationibus
725 1057 757 1116 et
779 1051 950 1116 sentenciis
972 1054 1086 1114 textus.

259 1164 309 1223 21.
335 1155 482 1222 Ceterum
513 1157 626 1222 statuit
651 1157 804 1235 facultas,
834 1161 869 1220 vt
893 1155 1110 1238 infrascripti
1134 1154 1207 1218 libri
1230 1155 1377 1238 legantur

174 1267 206 1328 et
227 1263 437 1327 exercitentur
460 1261 573 1326 ordine
596 1266 627 1326 et
650 1267 792 1347 tempore
814 1261 976 1326 annotatis
997 1281 1054 1345 pro
1070 1263 1162 1344 pastu
1178 1259 1222 1323 eis
1245 1280 1377 1336 annexu,

174 1368 211 1432 ad
236 1389 328 1450 quem
351 1366 475 1452 integre
497 1371 646 1431 teneatur
668 1367 804 1451 quilibet
825 1367 891 1430 siue
908 1365 1134 1430 Baccalaureus
1158 1365 1224 1429 siue
1241 1362 1376 1428 Seolaris

175 1477 206 1536 at
227 1493 292 1536 non
324 1473 496 1549 minorem,
527 1477 633 1556 preter
663 1472 774 1537 decani
806 1475 838 1536 et
868 1471 907 1535 ad
937 1475 1045 1535 taxum
1077 1470 1297 1553 deputatorum
1325 1469 1377 1532 de-

175 1583 302 1642 cretum.

312 1751 534 1815 Exercicin
557 1773 631 1836 pro
653 1749 911 1816 Scolaribus
935 1772 1022 1814 curn
1045 1749 1238 1814 lectione.

266 1893 316 1956 22.
357 1891 506 1976 Ysagoge
530 1890 754 1974 Porphirii
776 1891 869 1955 lectio
891 1889 998 1955 bora¹
1023 1927 1064 1937 —-
1204 1893 1217 1970 l

766 1995 950 2060 exercitium
966 1996 1045 2059 hora
1060 1979 1216 2076 secundat

264 2101 502 2166 Predieamenta
520 2106 552 2167 et
569 2100 638 2185 peri
662 2100 813 2166 arminias
838 2101 890 2184 [de
912 2101 1188 2183 interpretatione]
1212 2099 1379 2164 Aristo-

178 2207 286 2271 telis
309 2205 426 2270 eisdem
449 2206 536 2270 horis
561 2204 639 2270 XVI
661 2209 691 2288 β.

267 2310 413 2375 Priorum
437 2311 660 2375 analiticorum
676 2310 770 2374 lectio
786 2315 818 2374 et
840 2309 1025 2375 exercitium
1040 2309 1156 2373 elsdem
1179 2307 1265 2373 horis
1281 2307 1342 2371 XV
1350 2310 1380 2390 β.

268 2415 482 2480 Posteriorum
515 2415 736 2480 analiticornm
764 2414 860 2479 lectio
890 2413 969 2478 hora
998 2417 1109 2478 octaua
1136 2413 1263 2496 dempto
1286 2412 1382 2476 titulo

182 2523 219 2586 de
242 2521 447 2606 ignoranciis,
471 2520 656 2586 exercitium
679 2519 758 2584 hora
780 2519 915 2584 secunda
937 2517 984 2582 IX
1004 2522 1035 2602 β.

267 2625 408 2701 Quatuor
430 2627 505 2691 libri
528 2626 717 2709 Topicorum
742 2625 782 2689 ab
805 2625 923 2690 eisdem
945 2623 1031 2689 horis
1056 2622 1137 2687 Vlll
1153 2627 1183 2708 ,t

267 2731 455 2796 Elenoorum
479 2729 542 2795 ab¹
567 2768 609 2780 -
633 2729 715 2794 Vlll
740 2733 770 2814 pl.

269 2835 347 2900 Tres
370 2835 467 2920 primi
495 2839 650 2900 tractatus
682 2834 810 2900 Summe
839 2834 1046 2901 Naturalium
1068 2834 1259 2914 Alberti,
1295 2858 1382 2901 exar-

183 2942 293 3006 citium
316 2946 387 3025 post
411 2941 580 3024 prandium
603 2941 682 3006 hora
706 2945 829 3025 quarta,
854 2942 994 3026 precium
1017 2939 1063 3004 IX
1084 2942 1114 3021 β.

270 3047 385 3116 Ultimi
408 3046 469 3111 duo
491 3047 565 3111 libri
588 3045 655 3111 Ast
677 3046 864 3111 exercicium
886 3047 1027 3130 precium
1049 3043 1097 3108 IX
1118 3047 1148 3129 β.

1241 1939 1271 2006 x
1291 1945 1321 2027 ,a

328 3220 552 3288 Exercicia
574 3243 647 3304 pro
673 3221 832 3286 eisdem
855 3219 1016 3302 absque
1039 3218 1233 3283 lectione.

272 3365 323 3424 23.
348 3361 473 3425 Primus
497 3364 627 3444 quartus
657 3363 688 3424 et
711 3359 843 3443 quintus
872 3362 1027 3423 tractatus
1050 3358 1170 3422 Petri
1194 3355 1386 3442 Hyspani

186 3467 216 3530 h.
240 3471 329 3533 sexta
351 3463 432 3532 VIII
454 3469 484 3550 β.

272 3572 432 3638 Secundus
454 3575 486 3636 et
508 3571 624 3636 tercius
647 3571 693 3635 VI
717 3575 748 3656 β.

274 3676 378 3742 Parus
401 3676 579 3763 logicalia³
602 3675 681 3742 XIV
702 3681 735 3763 β.

259 3921 273 3975 1
293 3920 412 3990 Angabe
432 3917 481 3974 der
500 3919 607 3974 Stunde
625 3917 663 3974 ist
681 3919 754 3976 offen
773 3917 911 3990 gelassen.
983 3917 1000 3974 2
1020 3915 1116 3973 bucko.

258 4015 275 4067 3
292 4009 333 4064 De
350 4007 570 4080 proprietatibus
583 4009 766 4064 termInorum
779 4025 815 4062 sc.
836 4005 1032 4077 suppositione,
1052 4001 1245 4075 ampliatione,
1264 4001 1391 4074 appella·

190 4099 279 4163 tione,
305 4096 493 4160 restrictione,
513 4095 683 4152 alienatione
702 4095 867 4152 Aristoteles
885 4093 1017 4164 speciales
1036 4091 1122 4149 libros
1140 4109 1197 4149 non
1213 4091 1316 4157 edidit,
1343 4091 1391 4146 sed

192 4187 241 4241 alii
259 4189 370 4241 autores
388 4183 472 4240 utiles
490 4185 630 4238 tractatus
649 4181 797 4238 ediderunt
823 4199 856 4237 ex
882 4180 924 4235 his
948 4199 1010 4250 qua
1026 4179 1147 4251 sparsIm
1164 4179 1344 4250 philosophus
1361 4179 1391 4232 in

192 4275 247 4328 suis
264 4271 345 4328 libris
369 4275 513 4343 posuerat;
541 4275 569 4326 et
595 4271 651 4325 ista
678 4270 717 4325 sic
740 4267 975 4326 edita·dicuntur
1002 4268 1116 4322 Parva
1141 4265 1333 4337 Logicalia
1360 4283 1391 4320 eo

192 4359 265 4430 quod
290 4377 307 4414 a
335 4359 487 4417 minoribus
514 4356 673 4414 auctoribus
697 4361 825 4428 respectu
845 4354 1004 4412 Aristotelis
1024 4359 1090 4410 aunt
1110 4353 1194 4410 edita.
1240 4353 1340 4406 Prantl
1360 4351 1392 4407 G.

193 4449 220 4504 d.
237 4449 326 4519 Logik
338 4449 372 4513 Il,
393 4451 451 4504 204.
488 4449 533 4504 Sia
552 4446 647 4503 bilden
667 4447 720 4502 den
735 4446 832 4503 Inhalt
850 4445 927 4501 derb
946 4445 1050 4498 letzten
1063 4443 1170 4497 Bflcber
1188 4439 1392 4496 derSummula

194 4536 240 4591 des
255 4537 380 4592 Petrus
399 4536 586 4607 Hispanus.
