3464 5318
366 453 428 518 108
638 451 680 510 21.
699 452 842 514 0611666616
859 451 1009 512 delationis
1021 451 1194 512 8661666611
1208 453 1284 512 1502.

934 825 994 899 21.

363 1017 557 1095 Concessio
592 1016 790 1089 delationis
823 1016 1044 1092 66166166116
1080 1017 1387 1092 Sacramenti
1420 1017 1564 1111 quintis

452 1126 455 1132 ’
585 1139 685 1212 161116
711 1157 779 1233 per
804 1137 1122 1212 Raimundum
1149 1140 1332 1234 legatum.

927 1275 1004 1332 1502.

455 1433 649 1500 1111666666
671 1433 873 1500 miseratione
887 1435 996 1502 diuina
1010 1439 1043 1501 61
1057 1434 1088 1502 S.
1106 1435 1216 1504 Mariae
1238 1459 1337 1519 nouae,
1363 1437 1394 1504 S.
1412 1437 1565 1504 Romanae

364 1540 512 1606 Ecclesiae
529 1540 706 1626 Presbyter,
724 1540 900 1607 Cardinalis
916 1541 1096 1621 Gurcensis,
1113 1543 1152 1608 ed
1167 1543 1347 1608 rniuersam
1363 1540 1565 1608 Germaniam

365 1645 498 1712 Daciam
520 1645 662 1712 Sueciam
686 1645 890 1732 Norwegiam
912 1647 1049 1712 Frisium
1064 1647 1228 1714 Prussiam
1250 1669 1422 1733 omnesque
1443 1651 1476 1712 et
1497 1647 1564 1712 sin-

363 1753 455 1838 gulas
480 1751 609 1817 11161616
626 1749 812 1816 Ρ166166166
827 1750 980 1816 Ciuitates
1003 1756 1102 1818 terras
1125 1756 1158 1817 61
1181 1753 1250 1819 loca
1271 1753 1367 1818 etiam
1388 1773 1477 1818 sacro
1498 1751 1564 1816 Ro-

363 1878 458 1922 mano
473 1855 614 1941 Imperio
636 1856 670 1920 in
694 1857 764 1941 ipsa
778 1855 947 1922 Germania
970 1857 1120 1936 subiecta,
1143 1879 1179 1923 66
1194 1858 1239 1923 616
1262 1856 1450 1935 adiacencia,
1475 1854 1562 1941 Apo-

366 1961 485 2027 stolicae
509 1961 591 2028 sedis
614 1961 653 2025 de
675 1961 773 2026 latere
794 1963 928 2048 legatus.

451 2066 617 2132 Vniuersis
641 2065 759 2132 Christi
794 2067 938 2133 fidelibus
961 2071 1130 2152 presentes
1153 2067 1261 2134 literas
1284 2065 1472 2152 inspecturis
1508 2065 1565 2131 Sa-

363 2172 463 2238 lutem
488 2171 521 2238 in
547 2169 684 2236 Domino
707 2170 942 2257 sempiternam.

452 2277 531 2342 Cum
564 2277 757 2342 sanctissimi
786 2278 925 2362 corporis
958 2298 994 2342 ac
1015 2277 1180 2362 sanguinis
1203 2275 1335 2342 Domini
1365 2275 1468 2342 nostri
1488 2273 1566 2342 Jesn

364 2380 483 2447 Christi
505 2380 742 2448 Sacramentum
766 2383 913 2448 uenerari
935 2382 1043 2448 deceat
1064 2383 1099 2447 in
1121 2382 1224 2459 terris,
1251 2386 1288 2447 ut
1309 2382 1409 2466 ipsius
1431 2381 1565 2446 sanctis·

364 2488 452 2554 simae
481 2488 636 2573 passionis
666 2489 852 2554 memoriam
881 2488 1053 2554 recolentes
1082 2487 1222 2552 eiusdem
1252 2486 1360 2552 1661111
1394 2487 1564 2571 participas

364 2614 431 2658 esee
453 2614 639 2672 mereamur,
662 2592 783 2659 Idcirco
805 2593 890 2658 66116
911 2591 1052 2658 fidelium
1074 2592 1114 2658 ad
1137 2593 1220 2658 idem
1242 2591 1431 2658 Venerabile
1454 2591 1564 2658 Sacra-

366 2701 510 2763 mentum
525 2699 692 2785 specialem
709 2699 912 2763 deuooionem
923 2698 1103 2784 gerentium
1115 2699 1252 2764 libenter
1265 2697 1434 2764 annuimus
1446 2695 1566 2762 Christi

363 2802 533 2888 fidelesque
554 2807 683 2868 cunctos
704 2803 924 2888 spiritualibus
946 2803 1148 2882 muneribus,
1180 2801 1391 2888 indulgenciis
1415 2802 1561 2867 videlicet

366 2910 398 2971 et
415 2907 653 2972 remissionibus
667 2907 850 2985 inuitemus,
873 2911 909 2972 vt
924 2907 1036 2973 exinde
1051 2907 1168 2973 diuinae
1182 2908 1295 2992 gratiae
1313 2905 1486 2970 reddantur
1507 2929 1563 2990 ap-

363 3013 466 3077 tiores.
512 3011 664 3078 Exhibita
686 3013 841 3096 siquidem
871 3013 961 3078 nobis
992 3036 1030 3079 ex
1054 3017 1145 3098 parte
1168 3012 1355 3077 dilectorum
1379 3009 1413 3074 in
1436 3008 1564 3074 Christo

363 3116 516 3197 Rectoris,
539 3113 712 3184 Doctorum
740 3123 772 3183 61
803 3117 1030 3204 Magistrornm
1061 3117 1204 3202 Studij
1236 3115 1464 3203 generalis
1487 3113 1564 3200 Op-

364 3220 454 3306 pidi
484 3221 717 3308 Tuwingen
756 3221 1009 3288 Constanciensis
1048 3223 1177 3290 diocesis
1216 3222 1329 3307 petitio
1372 3219 1567 3300 continebat,

367 3327 450 3412 quod
472 3327 506 3392 in
529 3326 668 3392 Emissis
690 3327 720 3392 S.
748 3327 877 3413 Georgii
909 3328 1076 3414 collegiata
1098 3327 1236 3393 eiusdem
1268 3325 1377 3411 oppidi
1401 3324 1568 3410 quintis

365 3431 449 3498 1611
454 3433 509 3516 js,
534 3433 572 3496 de
593 3453 722 3516 corpore
738 3429 866 3510 Christi,
891 3453 948 3497 nec
971 3454 1034 3496 non
1057 3432 1156 3518 ipsius
1179 3430 1409 3497 Vniuersitatis
1431 3451 1467 3494 66
1489 3449 1567 3513 qua-

365 3539 438 3601 tuor
465 3535 664 3603 Facultatum
695 3537 833 3604 eiusdem
867 3537 963 3622 studij
998 3541 1203 3622 patronorum
1235 3535 1380 3600 uidelicet
1408 3531 1461 3598 SS.
1488 3532 1568 3598 Am·

365 3640 460 3726 brosij
484 3641 660 3728 Augustini
682 3641 791 3706 Inonis
814 3641 907 3708 Lucos
930 3647 961 3707 et
983 3641 1167 3708 Katherinae
1190 3641 1409 3707 celebritatum
1432 3639 1499 3705 siue
1521 3638 1567 3706 fe·

365 3745 546 3812 stinitatum
578 3746 688 3812 diebus
720 3746 757 3812 de
785 3744 903 3812 eisdem
930 3747 1047 3812 sanctis
1079 3751 1112 3814 16
1143 3747 1236 3811 611611
1257 3745 1287 3812 S.
1312 3743 1494 3821 Ambrosii,
1530 3763 1566 3808 66

366 3850 462 3916 etiam
485 3851 564 3916 61166
587 3850 636 3915 bis
659 3852 692 3915 in
722 3874 806 3918 anno
829 3851 937 3918 (1161166
960 3854 1109 3938 congruis
1141 3856 1283 3938 tempore
1305 3849 1469 3916 electionis
1492 3847 1569 3913 noui

365 3955 509 4022 Rectoris
531 3977 588 4042 per
611 3961 802 4042 exponentes
826 3958 911 4043 ipsos
935 3957 1088 4043 eligendis
1104 3956 1166 4020 dua
1188 3956 1251 4022 alia
1273 3955 1438 4021 missarum
1463 3953 1568 4018 6111616

366 4061 400 4124 16
422 4061 637 4146 praedictare]
661 4062 723 4127 alio
746 4063 841 4128 altari
856 4063 995 4128 eiusdem
1010 4061 1156 4126 Ecclesia
1178 4062 1385 4146 solempniter
1407 4057 1569 4124 decantari

365 4165 584 4231 instituerunt.
630 4166 721 4232 Etsi
743 4168 807 4233 11116
830 4168 1058 4254 indulgeretur,
1081 4166 1165 4252 quod
1187 4166 1305 4230 eisdem
1336 4165 1457 4248 quintis
1479 4163 1568 4247 ferijs

366 4269 554 4337 Venerabile
582 4270 779 4338 Eucharistie
811 4271 1052 4338 Sacramentum
1084 4271 1209 4357 publice
1240 4271 1308 4336 sine
1341 4268 1498 4336 velamine
1532 4267 1566 4332 in

367 4377 578 4442 monstrantia
608 4401 664 4462 per
693 4378 861 4444 circuitum
884 4377 1031 4443 Ecclesiae
1061 4375 1220 4463 praedicta
1242 4379 1298 4441 aut
1320 4374 1386 4439 eius
1410 4372 1567 4458 Cimiterij

368 4479 482 4548 deferri
504 4485 536 4547 61
559 4481 619 4548 sub
641 4482 735 4548 misse
757 4482 880 4568 prefate
902 4482 1007 4550 officio
1030 4483 1064 4548 16
1085 4481 1180 4548 altari
1203 4479 1337 4546 detineri
1359 4479 1469 4564 possit,
1494 4499 1569 4564 pro·
