3460 5314
605 485 721 542 Statuta
744 483 810 542 lew
829 483 947 540 u.1505.
1314 482 1378 546 333

182 645 261 710 senii
283 645 494 730 procedendo.
541 644 631 720 Quod
653 644 681 709 si
705 665 854 708 numerus
875 641 1096 707 exerciciorum
1119 663 1138 706 s
1161 663 1292 706 numero
1308 637 1378 705 Me·

180 750 351 834 gistrorum
385 750 568 838 regentium
602 755 635 814 et
667 749 858 835 eligencium
888 747 1054 825 defecerit,
1086 747 1210 831 possint
1230 767 1280 815 ‚ex
1303 749 1380 809 tunc

179 853 326 940 Magistri
350 878 429 939 quos
451 855 529 921 ordo
552 855 607 918 ille
630 875 693 920 non
716 854 861 939 tetigerit
884 875 955 918 cum
978 851 1216 936 quibuscunque
1238 850 1379 935 superio-

179 958 265 1023 ribus
280 979 472 1027 concurrere.
507 958 541 1024 Si
556 963 661 1025 autem
677 959 797 1043 aliquid
814 959 954 1023 nondum
969 957 1102 1022 electum
1118 961 1223 1035 restet,
1247 956 1380 1020 incultos

268 1170 350 1236 Item
381 1171 502 1256 singuli
532 1170 666 1235 scolares
695 1191 794 1254 reque
823 1170 863 1235 ad
894 1169 1147 1234 baccalaureotus
1182 1166 1380 1251 adeptionem

181 1275 346 1361 pedagogij
370 1276 618 1360 resumptionem
641 1275 769 1340 visitare
784 1275 851 1339 sint
873 1274 1007 1352 astricti,
1030 1272 1089 1338 sub
1111 1293 1193 1356 pena
1214 1269 1380 1335 solutionis

179 1379 275 1444 totius
297 1385 417 1465 pastus.

264 1483 346 1550 Item
378 1485 561 1571 pedagogus
590 1482 803 1549 escoleribus
824 1481 991 1567 pedagogij
1023 1467 1086 1545 non
1117 1479 1252 1563 accipiat
1274 1477 1379 1561 selerij

182 1590 310 1654 nomine
331 1590 416 1655 vltra
438 1611 535 1655 vnum
559 1610 710 1666 aureum,
733 1609 789 1672 per
812 1587 973 1673 integrum
995 1606 1125 1663 annum,
1148 1584 1189 1648 ub
1211 1583 1276 1646 illis
1298 1602 1381 1661 vero,

182 1695 237 1778 qui
251 1694 337 1760 infru
351 1717 471 1762 annum
487 1695 637 1760 lectiones
654 1693 763 1758 audire
778 1697 911 1772 cessant,
935 1692 1068 1777 recipiat
1084 1689 1257 1755 seeundum
1279 1689 1382 1752 ratam

178 1800 338 1883 temporis.

272 1904 354 1969 Item
376 1908 512 1970 rectores
535 1904 702 1990 pedagogij
726 1927 746 1967 a
767 1902 950 1980 scolaribus,
973 1923 1045 1967 cum
1061 1901 1176 1985 quibus
1198 1903 1247 1964 est
1270 1898 1382 1965 habita

183 2012 268 2087 taxa,
292 2011 340 2074 vel
366 2010 421 2094 qui
445 2009 545 2095 ipsam
568 2008 671 2074 adhue
693 2007 929 2092 concupiscunt,
952 2010 1079 2092 pastum
1095 2005 1219 2089 exigere
1242 2025 1304 2069 non
1329 2003 1382 2067 de·

184 2115 271 2193 bant,
295 2113 503 2179 nihilominus
527 2118 635 2178 tamen
659 2113 791 2199 lignolio
813 2116 845 2177 et
867 2112 930 2176 alia
953 2113 1085 2176 soluent.

361 2287 418 2353 De
440 2287 787 2373 resumptoribus
810 2285 1204 2391 magistrandorum.

164 2451 167 2458 ¹
268 2425 381 2491 Voluit
403 2427 556 2504 facultas,
587 2425 669 2510 quod
692 2428 936 2510 resumptor
958 2423 1246 2510 magistrandorum
1270 2425 1381 2492 imme·

179 2531 263 2595 diste
285 2536 359 2616 post
380 2531 463 2596 diem
484 2531 693 2615 promotionis
713 2530 910 2595 nouellorum
926 2531 1161 2615 magistrorum,
1184 2551 1256 2595 cum
1278 2532 1381 2616 magi-

179 2635 318 2701 strandis
340 2657 406 2700 sese
428 2637 466 2700 ad
489 2635 630 2702 futuram
653 2637 884 2722 promotionem
900 2635 1038 2702 examini
1061 2636 1247 2701 submittere
1268 2637 1378 2704 uolen-

181 2741 279 2818 tibus,
303 2741 435 2826 incipiat
447 2746 592 2827 repetere
613 2747 686 2807 ante
702 2742 871 2826 prandium
894 2743 927 2806 in
950 2740 1096 2826 logico
1110 2737 1380 2820 Aristotelis,

180 2851 252 2928 post
276 2845 443 2930 prandium
476 2869 550 2912 vero
579 2847 613 2911 in
635 2847 774 2932 phisico,
804 2847 972 2931 utrobique
1001 2845 1156 2910 tartualia
1185 2845 1382 2926 declarando,

182 2955 279 3034 prout
299 2955 424 3036 tempus
457 2953 586 3037 patitur.
634 2952 685 3018 Ita
707 2957 835 3031 temen,
867 2952 949 3036 quod
972 2950 1167 3037 singularem
1188 2950 1285 3017 faeiat
1307 2951 1381 3016 dili-

179 3056 323 3140 gentiam
345 3057 379 3119 in
402 3057 540 3122 reteri
562 3062 671 3136 arte,
694 3058 785 3122 libris
808 3059 997 3143 priorum
1019 3059 1053 3120 et
1074 3057 1382 3140 posteriorum,

180 3161 256 3225 itam
286 3161 321 3224 iu
342 3165 479 3245 quatuor
500 3162 591 3227 libris
614 3163 904 3249 phisieorum,
936 3163 982 3226 de
1010 3162 1157 3226 anime
1178 3166 1210 3226 et
1232 3162 1384 3247 paruis

178 3267 458 3332 naturalibus.
503 3266 546 3332 Et
560 3272 596 3333 vt
617 3269 725 3334 omnia
746 3269 802 3334 ills
818 3268 922 3332 debite
936 3267 1027 3344 fiant,
1050 3265 1199 3331 Rectores
1215 3265 1383 3332 bursarum

183 3371 441 3458 superintendere
463 3371 588 3437 debent.

266 3475 380 3540 Voluit
400 3475 536 3561 denique
557 3476 703 3554 facultas,
727 3499 836 3542 omnes
851 3480 883 3542 et
898 3475 1042 3562 singulos
1057 3474 1291 3562 magistrandos
1313 3496 1381 3540 esse

182 3580 327 3645 ninom
349 3580 389 3644 ad
411 3580 601 3646 audiendum
620 3579 800 3645 huiusmodi
822 3579 1034 3664 repetitiones,
1057 3601 1115 3664 pro
1131 3581 1246 3664 quibus
1261 3579 1383 3666 cinguli

184 3683 394 3769 magistrandi
416 3684 538 3750 dabunt
561 3684 751 3769 resumpturi
774 3689 909 3768 quatuor
924 3685 1048 3750 solidos.
1094 3683 1161 3750 Nae
1177 3685 1292 3769 uliquis
1314 3706 1382 3749 mn-

180 3789 417 3874 gistrnndorum
439 3789 479 3854 ab
502 3789 664 3855 auditione
686 3789 815 3855 illarum
836 3789 1036 3856 excusabitur
1061 3812 1117 3876 per
1138 3791 1215 3870 hoc,
1238 3791 1266 3855 si
1289 3791 1383 3869 dieat,

180 3917 213 3960 se
234 3896 324 3980 prius
347 3894 504 3960 audiuisse
527 3896 601 3960 illas
623 3895 836 3980 repetitiones,
860 3894 934 3961 Nisi
956 3917 1008 3960 ees
1024 3899 1176 3979 tanquam
1191 3898 1383 3983 magistran-

179 3999 235 4064 dus
256 4000 414 4066 audiuerit
436 4004 468 4064 et
491 4000 652 4087 integrum
674 4005 800 4086 pastum
823 4001 955 4066 soluerit
978 4002 1180 4087 resumptori.

266 4103 300 4170 si
323 4127 398 4169 vero
420 4105 535 4190 aliquis
552 4107 842 4192 magistrandorum
858 4106 1034 4192 legitimum
1049 4108 1251 4193 pretenderet
1266 4107 1382 4172 habere
1399 4149 1404 4155 -

181 4229 324 4288 causum,
358 4214 489 4295 propter
521 4233 616 4295 quam
646 4211 751 4296 ipsum
781 4215 1010 4297 resumptorem
1044 4213 1145 4279 nollet
1175 4211 1300 4290 audire,
1333 4214 1384 4277 vel

180 4313 277 4378 etium
300 4336 365 4379 non
387 4321 504 4400 posset,
526 4317 601 4382 talis
624 4317 756 4383 eandem
778 4339 903 4384 carmem
927 4318 1072 4383 facultati
1096 4322 1263 4404 proponat,
1288 4337 1382 4401 quam

178 4417 327 4498 facultas,
358 4425 454 4504 prout
476 4422 539 4486 sibi
569 4443 684 4506 equum
715 4423 895 4502 ridebitur,
928 4423 1103 4511 approbare
1135 4424 1185 4489 vel
1215 4424 1384 4507 reprobare

180 4526 294 4605 potest.
339 4518 573 4592 Voluit'tamen
594 4527 737 4608 facultas,
762 4529 844 4614 quod
866 4533 1047 4613 resumptor
1068 4528 1155 4594 illins
1177 4530 1236 4609 ric,
1260 4529 1299 4594 de
1320 4549 1385 4614 qua
