3460 5314
366 489 430 554 326
821 484 954 541 resulta
974 483 1094 540 Artium.

399 715 452 780 De
475 714 707 781 Matricula
728 718 767 779 et
792 711 1051 799 [tegentibus
1074 713 1114 777 in
1136 713 1351 781 facultate
1374 714 1534 780 artium

555 823 595 883 et
617 819 710 903 quis
732 819 868 903 ipsius
891 817 1117 883 membrum
1139 823 1375 886 censeatur.
1411 881 1420 892 ,

452 961 481 1024 4.
522 957 681 1024 Statuitur
704 959 786 1042 quod
809 957 951 1023 omnium
976 957 1275 1044 Magistrorum
1306 961 1338 1024 iu
1371 959 1494 1025 artibus
1518 981 1568 1024 re-

365 1065 509 1150 gentium
540 1064 582 1128 sit
604 1085 667 1127 rna
688 1062 822 1128 facultas
853 1082 999 1137 concors,
1035 1060 1075 1126 ab
1106 1085 1168 1126 vno
1198 1063 1316 1128 decano
1339 1064 1493 1150 regenda,
1528 1061 1568 1128 In

367 1192 430 1255 qua
451 1169 577 1255 Regena
600 1191 662 1234 non
686 1170 866 1244 censeatur,
898 1163 969 1229 Nisi
993 1164 1147 1251 Magister
1170 1167 1204 1230 in
1231 1167 1433 1233 Matriculam
1465 1167 1567 1232 facul·

368 1275 445 1340 tatis
480 1275 652 1359 inscriptus
686 1276 717 1337 et
750 1271 850 1336 eidem
884 1269 1005 1333 iuratus
1038 1269 1099 1345 Qui
1132 1270 1360 1354 disputationes
1391 1272 1568 1338 ordinariae

366 1380 424 1444 sub
456 1402 538 1464 pena
566 1377 703 1444 carentis
734 1373 964 1460 presentiarum
996 1374 1172 1439 visitauerit
1204 1380 1236 1439 et
1267 1376 1377 1442 ordine
1407 1397 1465 1441 suo
1498 1376 1563 1441 die-

366 1485 531 1569 putauerit
551 1482 745 1566 formaleque
767 1479 951 1544 exercitium
974 1479 1066 1544 annia
1089 1479 1225 1566 siugulis
1246 1481 1308 1545 rite
1330 1481 1505 1566 perfecerit.

452 1591 481 1652 5.
528 1587 836 1652 Baccalaureus
867 1604 992 1666 quoque
1021 1584 1129 1648 volens
1151 1583 1297 1648 facultati
1320 1585 1439 1650 artium
1461 1586 1567 1650 incor-

365 1693 470 1776 porari
503 1691 545 1756 Et
576 1692 609 1756 in
642 1692 763 1756 artibus
793 1689 978 1754 continuare
1008 1690 1155 1755 similiter·
1187 1689 1379 1754 inscribatur
1414 1689 1567 1774 Alioquin

368 1796 466 1882 ipsius
480 1798 641 1862 facultatis
658 1796 838 1860 membrum
860 1793 991 1857 minime
1010 1798 1182 1871 censeatur,
1206 1798 1356 1878 actusque
1371 1795 1521 1860 lectiones
1538 1800 1570 1860 et

366 1902 530 1978 exercitia,
560 1902 587 1965 si
611 1923 672 1985 qua
696 1898 911 1984 compleuerit,
935 1897 974 1962 ad
997 1896 1114 1981 gr'adus
1137 1898 1336 1983 adeptionem
1362 1900 1424 1964 sibi
1448 1921 1568 1983 nequa-

368 2028 463 2089 quam
487 2009 720 2089 computentur.
765 2002 936 2088 Magistros
967 2023 1040 2064 vero
1073 2005 1181 2066 nostre
1212 2002 1374 2068 facultatis
1399 2003 1568 2070 Matrieule

367 2131 431 2174 non
467 2109 635 2195 inscriptos
663 2109 716 2173 hic
747 2109 780 2171 in
811 2107 881 2190 ipsa
909 2109 1018 2170 nostra
1050 2105 1203 2171 facultate
1228 2129 1351 2194 regere,
1383 2110 1487 2194 legere
1510 2116 1567 2176 aut

366 2213 529 2298 disputare
557 2218 707 2298 actusque
738 2212 890 2277 lectiones
930 2214 963 2275 et
994 2209 1143 2276 exercitia
1171 2211 1211 2274 ab
1241 2212 1358 2276 eisdem
1388 2214 1497 2280 audita
1526 2215 1567 2280 ad

366 2319 482 2403 gradus
505 2319 539 2382 in
561 2318 684 2384 artibus
706 2317 907 2400 adeptionem
929 2316 1115 2398 computari,
1144 2314 1285 2381 Scolares
1301 2339 1426 2403 quoque
1441 2323 1567 2384 nostros

366 2424 474 2488 audire
497 2425 575 2488 tales
599 2443 797 2507 nequaquam
820 2419 975 2495 volumus,
999 2417 1064 2483 Sub
1086 2421 1179 2504 graui
1202 2443 1283 2505 pena
1306 2445 1325 2486 a
1347 2422 1498 2488 facultate
1513 2447 1565 2489 ar-

365 2527 445 2591 tium
469 2527 597 2590 indubie
620 2526 775 2590 dictanda.

452 2637 480 2696 6.
520 2631 588 2707 Quo
611 2632 693 2696 circa
726 2631 809 2696 dicta
831 2631 964 2695 facultas
988 2630 1126 2694 decreuit
1148 2629 1265 2694 habere
1288 2629 1564 2698 Matriculam

363 2737 521 2820 quandam
550 2737 717 2820 specialem
751 2737 783 2799 in
817 2758 879 2818 qua
907 2735 1015 2799 omnia
1044 2734 1208 2818 supposita
1238 2757 1295 2798 sua
1318 2739 1466 2820 promota
1488 2758 1565 2802 con·

363 2841 498 2906 scribere
525 2841 626 2926 possit
647 2839 688 2904 Et
724 2841 750 2903 si
781 2839 838 2903 deo
867 2841 991 2902 volente
1016 2837 1206 2922 Magistrum
1237 2838 1287 2901 vel
1321 2837 1566 2906 Baccalaureum

361 2946 407 3010 sic
435 2946 599 3011 matricula
630 2951 738 3010 nostre
769 2944 957 3028 inscriptum
986 2942 1068 3007 viam
1103 2942 1249 3006 universe
1280 2944 1384 3006 carnis
1421 2947 1560 3031 migrare

362 3051 569 3136 contingeret,
594 3054 709 3114 extunc
731 3072 788 3135 per
808 3049 993 3114 facultatem
1016 3047 1105 3112 illius
1129 3047 1268 3112 defuncti
1284 3051 1438 3132 tauquam
1454 3051 1564 3118 fratris

363 3155 465 3219 nostri
487 3154 657 3220 secundum
680 3155 912 3220 ordinationem
934 3153 1066 3236 desuper
1089 3156 1272 3236 conceptam
1300 3154 1430 3236 exequie
1452 3157 1566 3242 peragi

363 3258 497 3324 debeant
513 3258 532 3323 ¹.

452 3369 480 3427 7.
525 3363 672 3429 Preterea
695 3364 816 3431 Statuit
838 3362 996 3449 Facultas,
1025 3365 1059 3425 vt
1082 3361 1217 3444 quilibet
1233 3359 1387 3448 Magister
1402 3363 1469 3428 siue
1485 3363 1565 3431 Bac·

362 3468 523 3532 calaureus
546 3489 604 3552 pro
625 3468 833 3552 inscriptione
855 3469 889 3531 iu
912 3465 1114 3532 Matriculam
1146 3467 1264 3531 decano
1294 3468 1456 3550 persoluat
1487 3471 1565 3538 duos

363 3571 479 3637 solidos
503 3572 536 3636 h.

652 3746 705 3812 De
727 3748 835 3812 fisco
856 3745 1086 3811 facultatis
1109 3745 1274 3809 artium.

448 3906 478 3966 8.
524 3901 649 3968 Placuit
671 3903 754 3987 quod
777 3903 921 3968 Decanus
943 3902 1018 3967 fisco
1044 3902 1195 3985 deputata
1215 3903 1248 3965 in
1271 3903 1438 3968 archam
1461 3905 1563 3972 facul-

364 4007 441 4070 tatis
465 4007 635 4095 diligenter
657 4014 801 4094 reponat,
826 4009 913 4073 cuius
936 4007 1030 4072 arche
1053 4007 1156 4071 claues
1179 4007 1318 4071 habeant
1339 4008 1401 4073 duo
1420 4009 1564 4076 Seniores

360 4110 519 4197 Magistri,
544 4114 706 4198 vtriusque
728 4113 777 4178 vie
800 4115 849 4178 vel
873 4113 933 4176 duo
956 4111 1129 4194 consiliarij
1154 4133 1225 4176 cum
1250 4111 1385 4191 Decano,
1414 4114 1561 4198 juraturi,

360 4217 449 4293 Quod
472 4219 606 4283 fideliter
629 4240 678 4282 res
702 4219 885 4283 commissas
907 4239 979 4281 cum
1003 4217 1145 4282 clauibus
1168 4218 1271 4283 velint
1293 4217 1480 4285 custodire².

452 4418 462 4456 ¹
492 4426 543 4482 Die
561 4427 672 4484 Worte:
703 4421 746 4487 Et
761 4422 788 4486 si
804 4459 840 4468 --
861 4421 995 4487 debeant
1013 4427 1101 4484 fallen
1120 4445 1190 4498 weg.
1228 4427 1337 4484 Ebenso
1356 4429 1461 4484 abacta
1481 4427 1509 4485 7.

450 4522 463 4560 ²
492 4531 548 4586 Der
565 4531 639 4588 Titel
658 4534 750 4589 lautet
767 4533 798 4587 in
816 4526 860 4591 B:
