3462 5320
341 479 404 544 230
699 473 742 527 41.
770 469 903 526 Statuten
922 471 948 524 d.
967 470 1000 525 U.
1019 489 1074 528 voa
1094 471 1169 527 1587.

341 641 407 702 0010
430 633 669 700 contubernales
692 632 840 716 pecunias
863 633 1000 716 recipere
1023 634 1055 696 et
1083 653 1285 712 conseruare,
1309 633 1445 718 ecclesijs
1468 657 1538 720 000

342 742 381 806 ad
396 739 643 806 Vniuersitatem
659 737 849 822 pertineant,
872 737 910 801 de
924 736 1150 801 Vniuersitatis
1167 738 1324 803 sententia
1348 739 1535 824 prospicere,

342 844 471 913 celanda
493 842 628 908 fideliter
649 846 776 927 tegere,
801 843 884 907 diem
908 842 1102 907 solutionum
1124 864 1187 907 non
1212 842 1337 908 differre
1360 867 1461 930 neque
1484 848 1537 910 de-

341 954 444 1018 bitum
467 949 636 1025 remittere,
661 952 806 1032 sumptus
828 951 861 1012 et
883 947 1041 1031 impensas
1057 946 1192 1012 fideliter
1207 948 1308 1014 facere
1331 949 1365 1014 in
1389 973 1425 1014 ea
1446 973 1480 1016 re
1503 952 1538 1016 in

343 1080 405 1142 qua
428 1055 528 1120 facere
551 1055 692 1137 oportet,
718 1053 872 1116 rationem
895 1051 1022 1116 reddere
1045 1056 1244 1137 acceptorum
1267 1058 1298 1118 et
1320 1076 1536 1139 expensorum.

344 1162 419 1239 Quae
441 1161 549 1225 omnia
578 1179 709 1242 quaeque
738 1156 801 1221 alia
829 1156 869 1220 ab
891 1155 1108 1220 Vniuersitate
1131 1156 1179 1221 illi
1202 1158 1344 1223 iniuncta
1365 1160 1484 1225 fuerint
1506 1183 1539 1226 ee

341 1289 407 1333 esse
441 1266 609 1352 diligenter
641 1268 677 1329 et
705 1262 839 1328 fideliter
862 1265 1043 1326 curaturum
1074 1261 1200 1328 iurabit.
1245 1263 1307 1328 Pro
1337 1265 1435 1348 ipsius
1464 1287 1540 1331 uero

345 1371 505 1438 laboribus
527 1369 676 1436 salarium
705 1367 753 1432 illi
776 1367 816 1431 ab
840 1365 1057 1432 Vniuersitate
1087 1367 1281 1434 Scholastica
1303 1371 1485 1437 decernetur
1506 1376 1540 1437 et

344 1476 544 1565 praebebitur.

428 1583 534 1666 Atque
557 1579 606 1643 his
630 1577 847 1643 curationibus
863 1577 1003 1664 praet'ecti
1021 1577 1155 1663 singulis
1170 1579 1261 1642 annis
1277 1579 1400 1645 circiter
1423 1579 1540 1646 festum

341 1690 537 1774 pentecostes
560 1683 600 1748 ab
622 1682 839 1747 Vniuersitate
862 1685 968 1766 petere
990 1682 1158 1759 debebunt,
1182 1687 1218 1747 ut
1240 1705 1329 1748 suam
1351 1685 1463 1769 cuique
1485 1707 1539 1750 eu·

346 1793 501 1858 rationem
524 1790 658 1854 retinere
680 1787 781 1852 liceat.
834 1786 923 1861 Quod
952 1788 980 1850 si
1003 1787 1179 1852 laciendum
1201 1787 1413 1855 Vniuersitati
1436 1790 1538 1876 uisum

349 1897 464 1976 fuerit,
489 1896 523 1960 iu
547 1916 666 1960 annum
688 1893 870 1977 sequentem
893 1914 1001 1956 rursus
1026 1893 1246 1985 conducentur.
1292 1892 1325 1958 si
1349 1894 1424 1978 quid
1447 1895 1539 1958 etiam

341 2002 447 2078 fuerit,
471 2001 504 2064 in
529 2022 591 2083 quo
614 1998 762 2063 monendi
784 1995 1022 2081 castigandique
1045 1995 1229 2074 uideantur,
1260 1996 1401 2082 grauiter
1424 1997 1457 2061 in
1481 1997 1541 2062 hoo

276 2093 280 2102 ⁸
346 2129 379 2172 se
401 2105 599 2170 Vniuersitas
629 2105 718 2188 geret
746 2104 840 2183 atque
871 2105 993 2184 sem'per
1016 2100 1049 2163 in
1073 2099 1255 2164 memoriam
1280 2100 1344 2164 illis
1368 2101 1537 2181 reuocabit,

345 2210 428 2295 quod
450 2209 546 2274 iurati
569 2207 633 2271 0101
655 2208 773 2270 secreta
795 2225 828 2268 se
850 2225 914 2268 000
938 2203 1077 2268 reuelare
1100 2203 1191 2268 uelle.

459 2383 513 2449 De
535 2379 816 2448 orationibus
838 2377 1010 2464 publice
1032 2377 1240 2444 habendis
1264 2401 1346 2466 cap.
1371 2384 1422 2446 24.

438 2524 605 2590 Veteribus
637 2520 757 2606 placuit
789 2517 882 2582 certis
917 2517 1111 2601 temporibus
1145 2518 1296 2584 aduocata
1329 2519 1540 2584 studiosorum

344 2632 430 2695 omni
453 2629 600 2696 concione
622 2624 859 2692 orationem
883 2622 1001 2687 haberi.
1048 2622 1123 2699 Qua
1144 2626 1288 2707 tempora
1310 2624 1430 2689 seruari
1453 2625 1541 2689 nullo

345 2733 437 2797 modo
459 2737 599 2816 possunt.
645 2729 728 2806 Quin
751 2729 846 2794 etiam
870 2730 939 2814 ipsa
961 2735 1149 2814 argumenta
1164 2729 1295 2814 indigna
1318 2731 1444 2794 veritati
1467 2752 1541 2816 cog-

344 2838 421 2903 nitee
442 2859 478 2901 00
501 2837 664 2900 declaratae
686 2833 795 2899 futura
817 2834 891 2898 sint.
938 2834 1126 2898 Retineatur
1149 2837 1255 2899 tamen
1278 2835 1348 2918 ipsa
1370 2857 1438 2912 res,
1472 2857 1542 2919 quae

347 2940 536 3006 nouaclum
558 2939 748 3017 utilitatem,
782 2938 954 3002 sedetiam
977 2937 1166 3024 dignitatem
1188 2939 1416 3022 complectatur
1448 2943 1543 3024 atque

351 3067 434 3109 nunc
457 3043 583 3127 quidem
606 3044 645 3108 ad
667 3041 752 3108 hunc
774 3045 901 3108 modum
925 3047 1101 3127 usurpetur.

435 3147 520 3212 Ante
542 3147 678 3212 natalem
702 3145 820 3212 Christi
852 3146 890 3210 de
924 3146 1132 3211 saluberrima
1153 3146 1330 3216 Seruatoris
1358 3152 1391 3212 et
1413 3147 1538 3214 Domini

349 3253 450 3319 riustri
472 3251 547 3317 Jesu
570 3250 689 3316 Christi
711 3251 891 3317 Natiuitate
913 3250 1083 3317 aDoetore
1097 3247 1257 3338 Theblogo
1280 3254 1382 3319 oratio
1405 3252 1541 3318 solennis

348 3359 521 3434 habeatur,
554 3359 604 3424 cui
628 3379 736 3422 omnes
757 3357 939 3442 frequentes
969 3358 1155 3422 intererunt.
1201 3357 1323 3424 Deinde
1345 3358 1541 3444 singularum

348 3464 576 3549 professionum
598 3461 716 3527 Decani
748 3462 786 3545 ijs
814 3461 1024 3545 temporibus,
1057 3461 1170 3552 quibus
1202 3461 1352 3528 hacteuus
1375 3461 1542 3526 11001000-

347 3569 468 3646 000011,
501 3567 538 3631 de
567 3566 712 3632 laudibus
735 3565 908 3632 Facultatls
936 3587 1000 3630 suae
1027 3565 1078 3630 001
1108 3566 1170 3651 1001
1203 3567 1311 3632 dicant
1344 3571 1399 3632 aut
1422 3566 1544 3630 erudito

351 3673 444 3738 alicui
466 3672 656 3738 adolescenti
687 3673 746 3738 hoc
776 3670 899 3735 dicendi
922 3693 1035 3734 munus
1059 3671 1287 3736 commendent.
1334 3671 1385 3736 Ita
1406 3671 1543 3758 singulis

348 3778 439 3844 annis
463 3777 649 3862 0010000
671 3777 887 3842 orationes
910 3775 1122 3853 habebuntur,
1145 3778 1260 3863 quibus
1276 3781 1308 3843 et
1330 3778 1370 3842 ad
1392 3777 1543 3861 pietatem

349 3891 381 3949 et
403 3884 506 3950 studia
527 3905 600 3948 cum
622 3883 829 3948 humanitatis
854 3887 922 3947 tum
941 3883 1137 3966 superiorrun
1160 3883 1392 3967 professionum
1415 3881 1545 3967 ingenia

350 3988 580 4056 adolescentum
605 3989 732 4054 accendi
754 3991 914 4074 poterunt.

815 4163 862 4228 De
885 4162 1069 4227 Funeribus.
1171 4213 1172 4218 1

436 4302 593 4368 Funera
615 4303 785 4370 Doctorum
816 4327 852 4369 ao
874 4303 1102 4389 Magistrorum
1131 4303 1209 4366 fient
1239 4304 1279 4369 ad
1301 4305 1485 4368 consuetum
1511 4303 1543 4364 et

349 4408 513 4476 uisitatum
535 4411 663 4476 modum
686 4411 800 4476 horum
816 4414 1002 4494 temporum.
1049 4407 1165 4474 Omnes
1182 4409 1293 4473 ordine
1315 4408 1544 4490 prosequenter

350 4512 516 4594 Doctores,
540 4514 703 4602 Magistri,
739 4515 892 4599 Discipuli
923 4515 1024 4579 edicto
1047 4513 1189 4580 Rectoris
1223 4510 1415 4600 congregati.
1463 4509 1545 4576 Tum
