3460 5314
342 446 404 511 358
800 399 931 500 Facultas
950 443 1071 500 Artium.
1137 448 1145 458 “

340 604 413 670 odio
435 603 586 689 repellat,
617 605 672 670 sed
695 604 836 669 moribus
858 607 891 667 et
912 604 1047 668 sciencia
1069 603 1248 688 temptandi
1273 603 1444 691 diligenter
1467 627 1547 690 pen·

343 709 422 773 satis
444 709 585 795 dignum
603 708 753 774 admittat
775 714 807 774 et
831 708 998 794 indignum
1021 709 1164 793 repellat,
1188 714 1344 793 quarto
1368 711 1451 793 quod
1474 731 1549 775 exa·

340 814 477 879 minatus
507 818 539 878 et
574 819 735 898 promotos
759 817 859 898 ponat
880 813 912 876 in
938 813 1048 878 ordine
1071 817 1101 878 et
1133 813 1229 892 leuia,
1261 813 1550 880 Baccalaareaados

340 918 469 1001 quidem
492 919 664 984 secundum
686 920 846 996 ordinem,
870 940 964 1002 quem
988 919 1023 982 in
1047 918 1218 984 Matricula
1240 919 1467 985 Vniuersitatis
1490 921 1548 984 ob-

341 1024 463 1103 tinent,
494 1025 555 1088 nisi
578 1019 728 1090 nobilitas
751 1045 884 1109 persone
907 1024 1135 1108 presbiteratus
1158 1025 1325 1103 catardo,
1358 1025 1425 1089 siue
1448 1025 1548 1090 eciam

343 1151 485 1194 excessus
517 1129 668 1195 notabilis
699 1133 754 1192 aut
784 1149 908 1193 morum
932 1129 1046 1194 leuitas
1076 1148 1168 1194 suum
1198 1129 1340 1194 ordinem
1364 1131 1547 1208 mutauerit‚

346 1233 581 1318 Magistraudos
614 1255 686 1298 vcro
721 1233 892 1298 secundum
926 1234 1038 1298 merita
1069 1257 1141 1312 sua,
1172 1257 1232 1317 que
1262 1235 1295 1298 in
1327 1235 1386 1320 hys
1409 1236 1550 1318 quinquo

344 1341 492 1424 precipue
514 1339 636 1404 attendi
658 1339 827 1417 volumus,
851 1339 971 1404 scilicet
992 1338 1137 1418 sciencia,
1160 1339 1319 1418 moribus,
1352 1340 1547 1424 eloquendis,

349 1466 405 1528 spe
427 1444 611 1528 proficiendi
635 1448 666 1508 et
689 1444 857 1509 nobilitate
879 1444 1020 1529 generis,
1052 1445 1204 1527 quinto
1226 1446 1310 1529 quod
1332 1445 1452 1510 nullius
1474 1466 1548 1530 pro·

349 1551 523 1616 mocionem
548 1554 604 1613 aut
625 1548 827 1614 reieccionem
851 1553 924 1614 ante
946 1549 1105 1633 publicam
1129 1550 1238 1614 decani
1261 1551 1468 1626 marcionem,
1492 1571 1549 1614 ne·

346 1675 407 1738 que
430 1653 562 1718 alicuius
586 1653 689 1718 locum
712 1658 768 1718 aut
791 1654 952 1719 solennem
976 1653 1184 1731 lucumonem,
1222 1677 1279 1720 nec
1309 1677 1400 1720 suum
1422 1660 1478 1720 aut
1501 1655 1549 1720 al·

342 1759 441 1822 terius
465 1762 575 1821 votum
600 1759 683 1823 circa
705 1758 925 1823 admissionem
950 1759 1177 1844 cuiuscunque,
1202 1759 1466 1840 retardacionem‚
1499 1783 1550 1825 re-

344 1863 513 1927 ieccionem
536 1867 591 1927 aut
613 1863 804 1928 lecacionem
831 1864 1034 1928 manifestare
1056 1866 1169 1947 quouis
1192 1866 1284 1929 modo
1308 1870 1468 1950 presumat
1484 1867 1503 1930 ¹.

434 2053 444 2090 ¹
464 2059 531 2116 Hier
549 2063 671 2119 schaltet
688 2055 725 2120 B.
747 2063 878 2133 folgende
898 2063 972 2118 Tite]
991 2063 1051 2118 eia:

588 2228 646 2294 Dc
667 2231 998 2314 presentatione
1020 2232 1301 2297 candelarum.

432 2368 577 2434 Decanus
608 2369 830 2456 baccalaurcijs
861 2371 1006 2437 admissis
1038 2372 1183 2438 candelas
1214 2395 1270 2458 per
1297 2374 1454 2459 padellam
1476 2397 1549 2460 pre·

344 2475 459 2550 santet,
482 2497 554 2539 cum
577 2475 693 2540 cedulis
716 2476 863 2560 sigillatis
887 2476 944 2542 hec
967 2478 1062 2542 verba
1079 2477 1335 2544 continentibus:

429 2577 583 2643 Dcccaas
611 2579 782 2659 facultatis
804 2583 925 2644 artium
955 2583 1059 2664 stadij
1080 2583 1293 2666 tawiaycasis
1315 2584 1354 2648 de
1376 2585 1549 2667 accpistro-

343 2703 416 2748 riam
439 2689 663 2764 temptator-aaa
685 2703 842 2748 coraseasa
858 2706 914 2750 cos
930 2685 971 2749 N.
989 2686 1232 2752 baccalaarcum
1248 2687 1391 2751 admittit
1407 2689 1451 2752 ad
1474 2710 1550 2754 cac·
1604 2684 1607 2688 ’

341 2808 412 2852 areca
444 2787 571 2852 lice-atie
599 2809 662 2868 per
695 2789 858 2854 doraiaara
893 2791 1121 2856 cancellariam
1156 2791 1221 2855 loco
1256 2797 1285 2854 rt
1315 2797 1455 2872 tcarporc
1484 2793 1551 2857 sibi

336 2892 543 2973 placentibus
569 2894 792 2974 aperiendam.
886 2917 893 2926 ·

342 3116 398 3182 De
421 3120 759 3202 temptatoribus
789 3124 826 3185 et
857 3121 1227 3186 examinatoribus
1250 3126 1550 3208 temptaminis

534 3223 599 3288 vel
622 3227 832 3291 examinis
855 3234 1051 3310 tempore
1075 3226 1353 3291 abeuntibus.

432 3360 514 3427 Item
537 3363 643 3427 nullas
667 3368 841 3448 temptator
871 3365 921 3429 vel
943 3366 1140 3432 examinatur
1171 3367 1288 3432 electus
1311 3369 1454 3452 tempore
1476 3389 1550 3433 exa-

346 3465 441 3530 minis
465 3467 513 3531 sel
536 3468 757 3554 temptaminis
780 3489 813 3532 se
831 3468 1002 3554 'absentare
1024 3470 1126 3547 debet,
1150 3469 1204 3534 sed
1226 3471 1319 3534 simul
1344 3493 1416 3536 cum
1439 3473 1551 3538 ceteris

346 3570 492 3636 omuibus
516 3573 783 3638 examinatoribus
806 3573 1026 3655 temptamini,
1059 3574 1196 3638 examini
1221 3579 1253 3638 et
1274 3575 1425 3640 locationi
1449 3577 1550 3641 inter·

343 3697 425 3752 esse,
456 3676 518 3741 nisi
540 3699 559 3740 a
581 3677 698 3743 decano
721 3682 754 3741 et
774 3682 843 3741 tota
865 3677 1015 3743 tacultate
1042 3679 1203 3745 licentiam
1228 3679 1359 3758 habeat,
1391 3703 1451 3764 que
1474 3683 1548 3766 qui-

343 3779 412 3844 dem
436 3781 565 3845 licentia
587 3781 654 3846 dari
679 3803 743 3845 non
766 3782 866 3860 debet,
892 3783 954 3847 nisi
978 3806 1016 3848 ex
1032 3805 1125 3850 causa
1147 3785 1292 3870 legitima
1315 3785 1491 3870 approbata
1514 3792 1547 3852 et

342 3886 403 3950 fide
426 3885 494 3951 loco
517 3887 687 3952 iuramenti
711 3888 845 3952 firmata.

431 3990 513 4056 Item
543 3995 728 4078 surrogatus
760 4015 840 4058 onus
873 3994 1051 4079 temptandi
1084 3998 1115 4060 et
1144 3995 1345 4060 examinandi
1373 3995 1479 4062 subire
1501 4003 1549 4063 te-

343 4100 474 4174 neatur,
498 4097 557 4162 sub
580 4118 661 4180 pena
684 4097 756 4176 illa,
790 4119 852 4180 qua
876 4098 929 4180 alij
953 4099 1184 4164 examinatores
1206 4099 1317 4178 electi,
1340 4103 1375 4164 vt
1397 4122 1493 4185 supra
1515 4102 1549 4167 in

344 4202 531 4268 iuramentis
554 4206 791 4286 temptatorum.

431 4306 513 4372 Item
536 4309 562 4371 si
585 4307 700 4392 aliquis
723 4307 977 4372 examinatorum
999 4307 1096 4371 eciam
1120 4329 1191 4372 cum
1215 4308 1352 4388 licentia,
1377 4315 1549 4394 antequam

344 4413 460 4497 aliquis
482 4413 763 4479 examinandarum
785 4435 840 4479 sue
863 4414 912 4479 vie
934 4413 1030 4478 fuerit
1055 4413 1262 4493 examinatus,
1286 4415 1335 4478 vel
1351 4415 1449 4480 eciam
1466 4417 1550 4483 inter

345 4519 585 4602 temptandum,
614 4520 664 4583 vel
687 4520 786 4586 eciam
811 4521 896 4585 inter
918 4520 1163 4586 examinandum
1186 4521 1305 4598 abiret,
1332 4521 1407 4585 talis
1430 4523 1549 4588 exami-
