<?xml version="1.0" encoding="UTF-8"?>
<!DOCTYPE html PUBLIC "-//W3C//DTD XHTML 1.0 Transitional//EN"
    "http://www.w3.org/TR/xhtml1/DTD/xhtml1-transitional.dtd">
<html xmlns="http://www.w3.org/1999/xhtml" xml:lang="en" lang="en">
 <head>
  <title>
</title>
<meta http-equiv="Content-Type" content="text/html;charset=utf-8" />
  <meta name='ocr-system' content='tesseract 3.04.00' />
  <meta name='ocr-capabilities' content='ocr_page ocr_carea ocr_par ocr_line ocrx_word'/>
</head>
<body>
  <div class='ocr_page' id='page_1' title='image "./urkundenzurgesc00tbgoog_0348.png"; bbox 0 0 3460 5314; ppageno 0'>
   <div class='ocr_carea' id='block_1_1' title="bbox 332 489 1061 562">
    <p class='ocr_par' dir='ltr' id='par_1_1' title="bbox 332 489 1061 562">
     <span class='ocr_line' id='line_1_1' title="bbox 332 489 1061 562; baseline -0.003 -16"><span class='ocrx_word' id='word_1_1' title='bbox 332 495 397 562; x_wconf 69' lang='grc'><strong>334</strong></span> <span class='ocrx_word' id='word_1_2' title='bbox 790 489 921 546; x_wconf 69' lang='lat' dir='ltr'><strong>facultas</strong></span> <span class='ocrx_word' id='word_1_3' title='bbox 940 490 1061 545; x_wconf 82' lang='lat' dir='ltr'><strong>Artium.</strong></span> 
     </span>
    </p>
   </div>
   <div class='ocr_carea' id='block_1_2' title="bbox 330 647 1607 2306">
    <p class='ocr_par' dir='ltr' id='par_1_2' title="bbox 330 647 1538 942">
     <span class='ocr_line' id='line_1_2' title="bbox 330 647 1537 737; baseline -0.003 -21"><span class='ocrx_word' id='word_1_4' title='bbox 330 655 366 716; x_wconf 82' lang='lat' dir='ltr'><strong>ut</strong></span> <span class='ocrx_word' id='word_1_5' title='bbox 388 651 525 737; x_wconf 81' lang='lat' dir='ltr'><strong>eligatur</strong></span> <span class='ocrx_word' id='word_1_6' title='bbox 548 651 727 734; x_wconf 85' lang='lat' dir='ltr'><strong>prouideat.</strong></span> <span class='ocrx_word' id='word_1_7' title='bbox 772 649 859 714; x_wconf 73' lang='lat' dir='ltr'><strong>Illam</strong></span> <span class='ocrx_word' id='word_1_8' title='bbox 876 649 996 734; x_wconf 89' lang='lat' dir='ltr'><strong>placuit</strong></span> <span class='ocrx_word' id='word_1_9' title='bbox 1019 647 1185 725; x_wconf 74' lang='lat' dir='ltr'><strong>facultati,</strong></span> <span class='ocrx_word' id='word_1_10' title='bbox 1211 649 1294 732; x_wconf 88' lang='lat' dir='ltr'><strong>quod</strong></span> <span class='ocrx_word' id='word_1_11' title='bbox 1317 649 1473 735; x_wconf 76' lang='lat' dir='ltr'><strong>Magister</strong></span> <span class='ocrx_word' id='word_1_12' title='bbox 1496 649 1537 713; x_wconf 95' lang='lat' dir='ltr'><strong>li-</strong></span> 
     </span>
     <span class='ocr_line' id='line_1_3' title="bbox 334 753 1538 840; baseline -0.002 -20"><span class='ocrx_word' id='word_1_13' title='bbox 334 755 424 820; x_wconf 84' lang='lat' dir='ltr'><strong>brum</strong></span> <span class='ocrx_word' id='word_1_14' title='bbox 447 776 542 838; x_wconf 88' lang='lat' dir='ltr'><strong>quem</strong></span> <span class='ocrx_word' id='word_1_15' title='bbox 564 755 661 820; x_wconf 88' lang='lat' dir='ltr'><strong>semel</strong></span> <span class='ocrx_word' id='word_1_16' title='bbox 683 753 782 838; x_wconf 83' lang='lat' dir='ltr'><strong>elegit</strong></span> <span class='ocrx_word' id='word_1_17' title='bbox 805 753 889 818; x_wconf 88' lang='lat' dir='ltr'><strong>infra</strong></span> <span class='ocrx_word' id='word_1_18' title='bbox 923 753 1266 836; x_wconf 79' lang='lat' dir='ltr'><strong>quinquennium</strong></span> <span class='ocrx_word' id='word_1_19' title='bbox 1297 754 1399 820; x_wconf 89' lang='lat' dir='ltr'><strong>denuo</strong></span> <span class='ocrx_word' id='word_1_20' title='bbox 1421 755 1538 840; x_wconf 81' lang='lat' dir='ltr'>eligere</span> 
     </span>
     <span class='ocr_line' id='line_1_4' title="bbox 330 849 694 942; baseline -0.003 -18"><span class='ocrx_word' id='word_1_21' title='bbox 330 849 462 926; x_wconf 84' lang='lat' dir='ltr'><strong>eundern</strong></span> <span class='ocrx_word' id='word_1_22' title='bbox 491 879 556 924; x_wconf 93' lang='lat' dir='ltr'><strong>non</strong></span> <span class='ocrx_word' id='word_1_23' title='bbox 583 859 694 942; x_wconf 85' lang='lat' dir='ltr'><strong>possit</strong></span> 
     </span>
    </p>

    <p class='ocr_par' dir='ltr' id='par_1_3' title="bbox 330 963 1607 2091">
     <span class='ocr_line' id='line_1_5' title="bbox 422 963 1538 1050; baseline 0.002 -22"><span class='ocrx_word' id='word_1_24' title='bbox 422 969 471 1028; x_wconf 88' lang='grc'><strong>19.</strong></span> <span class='ocrx_word' id='word_1_25' title='bbox 504 963 586 1028; x_wconf 83' lang='lat' dir='ltr'><strong>Item</strong></span> <span class='ocrx_word' id='word_1_26' title='bbox 614 966 730 1030; x_wconf 87' lang='lat' dir='ltr'><strong>statuit</strong></span> <span class='ocrx_word' id='word_1_27' title='bbox 752 963 919 1042; x_wconf 88' lang='lat' dir='ltr'><strong>similiter,</strong></span> <span class='ocrx_word' id='word_1_28' title='bbox 953 964 1036 1048; x_wconf 88' lang='lat' dir='ltr'><strong>quod</strong></span> <span class='ocrx_word' id='word_1_29' title='bbox 1065 964 1282 1048; x_wconf 75' lang='lat' dir='ltr'><strong>unusquisque</strong></span> <span class='ocrx_word' id='word_1_30' title='bbox 1310 963 1538 1050; x_wconf 80' lang='lat' dir='ltr'><strong>Magistrerum</strong></span> 
     </span>
     <span class='ocr_line' id='line_1_6' title="bbox 330 1069 1543 1155; baseline 0.003 -20"><span class='ocrx_word' id='word_1_31' title='bbox 330 1070 440 1155; x_wconf 85' lang='lat' dir='ltr'><strong>legens</strong></span> <span class='ocrx_word' id='word_1_32' title='bbox 461 1073 518 1134; x_wconf 88' lang='lat' dir='ltr'><strong>aut</strong></span> <span class='ocrx_word' id='word_1_33' title='bbox 539 1069 713 1134; x_wconf 86' lang='lat' dir='ltr'><strong>exercitans</strong></span> <span class='ocrx_word' id='word_1_34' title='bbox 728 1070 839 1134; x_wconf 90' lang='lat' dir='ltr'><strong>statim</strong></span> <span class='ocrx_word' id='word_1_35' title='bbox 861 1069 909 1134; x_wconf 85' lang='lat' dir='ltr'><strong>ad</strong></span> <span class='ocrx_word' id='word_1_36' title='bbox 931 1073 1175 1134; x_wconf 88' lang='lat' dir='ltr'><strong>contactum</strong></span> <span class='ocrx_word' id='word_1_37' title='bbox 1197 1069 1295 1134; x_wconf 89' lang='lat' dir='ltr'><strong>hore</strong></span> <span class='ocrx_word' id='word_1_38' title='bbox 1309 1069 1416 1136; x_wconf 83' lang='lat' dir='ltr'><strong>Scalas</strong></span> <span class='ocrx_word' id='word_1_39' title='bbox 1439 1071 1543 1138; x_wconf 88' lang='lat' dir='ltr'><strong>intret.</strong></span> 
     </span>
     <span class='ocr_line' id='line_1_7' title="bbox 331 1173 1537 1260; baseline -0.001 -21"><span class='ocrx_word' id='word_1_40' title='bbox 331 1175 500 1240; x_wconf 89' lang='lat' dir='ltr'><strong>lectionem</strong></span> <span class='ocrx_word' id='word_1_41' title='bbox 514 1178 571 1238; x_wconf 87' lang='lat' dir='ltr'><strong>aut</strong></span> <span class='ocrx_word' id='word_1_42' title='bbox 589 1175 776 1240; x_wconf 78' lang='lat' dir='ltr'><strong>exercicium</strong></span> <span class='ocrx_word' id='word_1_43' title='bbox 791 1174 924 1257; x_wconf 89' lang='lat' dir='ltr'><strong>incipiat</strong></span> <span class='ocrx_word' id='word_1_44' title='bbox 940 1195 997 1258; x_wconf 90' lang='lat' dir='ltr'><strong>per</strong></span> <span class='ocrx_word' id='word_1_45' title='bbox 1011 1173 1123 1238; x_wconf 90' lang='lat' dir='ltr'><strong>horam</strong></span> <span class='ocrx_word' id='word_1_46' title='bbox 1138 1174 1298 1260; x_wconf 79' lang='lat' dir='ltr'><strong>integram</strong></span> <span class='ocrx_word' id='word_1_47' title='bbox 1313 1175 1537 1254; x_wconf 87' lang='lat' dir='ltr'><strong>continuando,</strong></span> 
     </span>
     <span class='ocr_line' id='line_1_8' title="bbox 332 1277 1538 1362; baseline -0.002 -18"><span class='ocrx_word' id='word_1_48' title='bbox 332 1285 367 1344; x_wconf 85' lang='lat' dir='ltr'><strong>vt</strong></span> <span class='ocrx_word' id='word_1_49' title='bbox 389 1301 453 1344; x_wconf 93' lang='lat' dir='ltr'><strong>non</strong></span> <span class='ocrx_word' id='word_1_50' title='bbox 477 1279 580 1356; x_wconf 81' lang='lat' dir='ltr'><strong>ultra,</strong></span> <span class='ocrx_word' id='word_1_51' title='bbox 612 1301 653 1342; x_wconf 88' lang='lat' dir='ltr'><strong>ne</strong></span> <span class='ocrx_word' id='word_1_52' title='bbox 675 1279 754 1343; x_wconf 88' lang='lat' dir='ltr'><strong>alios</strong></span> <span class='ocrx_word' id='word_1_53' title='bbox 777 1283 865 1343; x_wconf 90' lang='lat' dir='ltr'><strong>actus</strong></span> <span class='ocrx_word' id='word_1_54' title='bbox 890 1277 1050 1362; x_wconf 88' lang='lat' dir='ltr'><strong>impediat.</strong></span> <span class='ocrx_word' id='word_1_55' title='bbox 1097 1277 1136 1343; x_wconf 91' lang='lat' dir='ltr'><strong>In</strong></span> <span class='ocrx_word' id='word_1_56' title='bbox 1160 1278 1350 1357; x_wconf 86' lang='lat' dir='ltr'><strong>ebdomada,</strong></span> <span class='ocrx_word' id='word_1_57' title='bbox 1383 1279 1412 1343; x_wconf 92' lang='lat' dir='ltr'><strong>si</strong></span> <span class='ocrx_word' id='word_1_58' title='bbox 1439 1278 1538 1342; x_wconf 88' lang='lat' dir='ltr'><strong>fuerit</strong></span> 
     </span>
     <span class='ocr_line' id='line_1_9' title="bbox 332 1382 1607 1470; baseline 0 -22"><span class='ocrx_word' id='word_1_59' title='bbox 332 1385 477 1470; x_wconf 85' lang='lat' dir='ltr'><strong>integra,</strong></span> <span class='ocrx_word' id='word_1_60' title='bbox 508 1405 573 1447; x_wconf 92' lang='lat' dir='ltr'><strong>non</strong></span> <span class='ocrx_word' id='word_1_61' title='bbox 607 1384 669 1448; x_wconf 90' lang='lat' dir='ltr'><strong>nisi</strong></span> <span class='ocrx_word' id='word_1_62' title='bbox 700 1404 821 1448; x_wconf 84' lang='lat' dir='ltr'><strong>vnum</strong></span> <span class='ocrx_word' id='word_1_63' title='bbox 844 1385 996 1447; x_wconf 92' lang='lat' dir='ltr'><strong>festum</strong></span> <span class='ocrx_word' id='word_1_64' title='bbox 1019 1382 1134 1461; x_wconf 89' lang='lat' dir='ltr'><strong>faciat,</strong></span> <span class='ocrx_word' id='word_1_65' title='bbox 1170 1383 1204 1446; x_wconf 91' lang='lat' dir='ltr'><strong>in</strong></span> <span class='ocrx_word' id='word_1_66' title='bbox 1227 1405 1291 1446; x_wconf 92' lang='lat' dir='ltr'><strong>non</strong></span> <span class='ocrx_word' id='word_1_67' title='bbox 1315 1382 1442 1468; x_wconf 85' lang='lat' dir='ltr'><strong>integra</strong></span> <span class='ocrx_word' id='word_1_68' title='bbox 1464 1403 1538 1447; x_wconf 85' lang='lat' dir='ltr'><strong>vero</strong></span> <span class='ocrx_word' id='word_1_69' title='bbox 1603 1442 1607 1448; x_wconf 90' lang='lat'>.</span> 
     </span>
     <span class='ocr_line' id='line_1_10' title="bbox 332 1487 1536 1573; baseline -0.002 -19"><span class='ocrx_word' id='word_1_70' title='bbox 332 1489 458 1570; x_wconf 75' lang='lat' dir='ltr'><strong>nullum</strong></span> <span class='ocrx_word' id='word_1_71' title='bbox 490 1489 554 1552; x_wconf 89' lang='lat' dir='ltr'><strong>nisi</strong></span> <span class='ocrx_word' id='word_1_72' title='bbox 584 1487 713 1572; x_wconf 78' lang='lat' dir='ltr'><strong>aliqirod</strong></span> <span class='ocrx_word' id='word_1_73' title='bbox 736 1489 853 1554; x_wconf 88' lang='lat' dir='ltr'><strong>festum</strong></span> <span class='ocrx_word' id='word_1_74' title='bbox 886 1487 1013 1573; x_wconf 82' lang='lat' dir='ltr'><strong>collegii</strong></span> <span class='ocrx_word' id='word_1_75' title='bbox 1045 1488 1079 1551; x_wconf 92' lang='lat' dir='ltr'><strong>in</strong></span> <span class='ocrx_word' id='word_1_76' title='bbox 1102 1488 1161 1552; x_wconf 86' lang='lat' dir='ltr'><strong>tali</strong></span> <span class='ocrx_word' id='word_1_77' title='bbox 1183 1489 1362 1573; x_wconf 87' lang='lat' dir='ltr'><strong>septimana</strong></span> <span class='ocrx_word' id='word_1_78' title='bbox 1382 1491 1536 1567; x_wconf 89' lang='lat' dir='ltr'><strong>occurrat,</strong></span> 
     </span>
     <span class='ocr_line' id='line_1_11' title="bbox 331 1590 1538 1680; baseline -0.002 -20"><span class='ocrx_word' id='word_1_79' title='bbox 331 1596 390 1660; x_wconf 88' lang='lat' dir='ltr'><strong>sub</strong></span> <span class='ocrx_word' id='word_1_80' title='bbox 413 1594 566 1680; x_wconf 79' lang='lat' dir='ltr'><strong>grauibus</strong></span> <span class='ocrx_word' id='word_1_81' title='bbox 589 1594 680 1677; x_wconf 88' lang='lat' dir='ltr'><strong>penis</strong></span> <span class='ocrx_word' id='word_1_82' title='bbox 702 1617 722 1658; x_wconf 86' lang='lat' dir='ltr'><strong>a</strong></span> <span class='ocrx_word' id='word_1_83' title='bbox 743 1593 896 1658; x_wconf 72' lang='lat' dir='ltr'><strong>facultate</strong></span> <span class='ocrx_word' id='word_1_84' title='bbox 919 1592 1109 1678; x_wconf 84' lang='lat' dir='ltr'><strong>infligendis.</strong></span> <span class='ocrx_word' id='word_1_85' title='bbox 1155 1590 1223 1658; x_wconf 90' lang='lat' dir='ltr'><strong>Nec</strong></span> <span class='ocrx_word' id='word_1_86' title='bbox 1238 1593 1319 1658; x_wconf 89' lang='lat' dir='ltr'><strong>citra</strong></span> <span class='ocrx_word' id='word_1_87' title='bbox 1333 1597 1459 1676; x_wconf 90' lang='lat' dir='ltr'><strong>tempus</strong></span> <span class='ocrx_word' id='word_1_88' title='bbox 1481 1615 1538 1658; x_wconf 89' lang='lat' dir='ltr'><strong>sue</strong></span> 
     </span>
     <span class='ocr_line' id='line_1_12' title="bbox 331 1697 1539 1782; baseline -0.003 -16"><span class='ocrx_word' id='word_1_89' title='bbox 331 1700 462 1766; x_wconf 91' lang='lat' dir='ltr'><strong>lectioni</strong></span> <span class='ocrx_word' id='word_1_90' title='bbox 483 1703 540 1764; x_wconf 90' lang='lat' dir='ltr'><strong>aut</strong></span> <span class='ocrx_word' id='word_1_91' title='bbox 561 1699 712 1764; x_wconf 89' lang='lat' dir='ltr'><strong>exercicio</strong></span> <span class='ocrx_word' id='word_1_92' title='bbox 736 1699 891 1782; x_wconf 86' lang='lat' dir='ltr'><strong>prefixum</strong></span> <span class='ocrx_word' id='word_1_93' title='bbox 922 1702 954 1763; x_wconf 88' lang='lat' dir='ltr'><strong>et</strong></span> <span class='ocrx_word' id='word_1_94' title='bbox 977 1702 1011 1762; x_wconf 84' lang='lat' dir='ltr'><strong>vt</strong></span> <span class='ocrx_word' id='word_1_95' title='bbox 1042 1697 1127 1762; x_wconf 87' lang='lat' dir='ltr'><strong>infra</strong></span> <span class='ocrx_word' id='word_1_96' title='bbox 1149 1719 1168 1760; x_wconf 90' lang='lat' dir='ltr'><strong>a</strong></span> <span class='ocrx_word' id='word_1_97' title='bbox 1191 1697 1342 1764; x_wconf 72' lang='lat' dir='ltr'><strong>facultate</strong></span> <span class='ocrx_word' id='word_1_98' title='bbox 1364 1698 1539 1764; x_wconf 87' lang='lat' dir='ltr'><strong>diffinitum</strong></span> 
     </span>
     <span class='ocr_line' id='line_1_13' title="bbox 332 1802 1537 1890; baseline -0.002 -21"><span class='ocrx_word' id='word_1_99' title='bbox 332 1807 439 1890; x_wconf 88' lang='lat' dir='ltr'><strong>ipsum</strong></span> <span class='ocrx_word' id='word_1_100' title='bbox 461 1805 648 1869; x_wconf 85' lang='lat' dir='ltr'><strong>exercicium</strong></span> <span class='ocrx_word' id='word_1_101' title='bbox 671 1809 728 1868; x_wconf 89' lang='lat' dir='ltr'><strong>aut</strong></span> <span class='ocrx_word' id='word_1_102' title='bbox 749 1804 919 1868; x_wconf 89' lang='lat' dir='ltr'><strong>leccionem</strong></span> <span class='ocrx_word' id='word_1_103' title='bbox 936 1803 1028 1867; x_wconf 90' lang='lat' dir='ltr'><strong>finire</strong></span> <span class='ocrx_word' id='word_1_104' title='bbox 1048 1805 1218 1886; x_wconf 79' lang='lat' dir='ltr'><strong>presumat,</strong></span> <span class='ocrx_word' id='word_1_105' title='bbox 1242 1823 1344 1886; x_wconf 90' lang='lat' dir='ltr'><strong>neque</strong></span> <span class='ocrx_word' id='word_1_106' title='bbox 1358 1802 1443 1867; x_wconf 84' lang='lat' dir='ltr'><strong>vltra</strong></span> <span class='ocrx_word' id='word_1_107' title='bbox 1464 1825 1537 1887; x_wconf 88' lang='lat' dir='ltr'><strong>spa-</strong></span> 
     </span>
     <span class='ocr_line' id='line_1_14' title="bbox 335 1907 1540 1994; baseline -0.005 -18"><span class='ocrx_word' id='word_1_108' title='bbox 335 1911 418 1976; x_wconf 88' lang='lat' dir='ltr'><strong>cium</strong></span> <span class='ocrx_word' id='word_1_109' title='bbox 440 1911 532 1974; x_wconf 87' lang='lat' dir='ltr'><strong>vnius</strong></span> <span class='ocrx_word' id='word_1_110' title='bbox 556 1909 733 1994; x_wconf 84' lang='lat' dir='ltr'><strong>septimane</strong></span> <span class='ocrx_word' id='word_1_111' title='bbox 756 1909 884 1974; x_wconf 87' lang='lat' dir='ltr'><strong>excedat</strong></span> <span class='ocrx_word' id='word_1_112' title='bbox 907 1907 966 1972; x_wconf 91' lang='lat' dir='ltr'><strong>sub</strong></span> <span class='ocrx_word' id='word_1_113' title='bbox 982 1927 1064 1992; x_wconf 89' lang='lat' dir='ltr'><strong>pena</strong></span> <span class='ocrx_word' id='word_1_114' title='bbox 1080 1907 1259 1970; x_wconf 89' lang='lat' dir='ltr'><strong>amissionis</strong></span> <span class='ocrx_word' id='word_1_115' title='bbox 1276 1911 1385 1992; x_wconf 89' lang='lat' dir='ltr'><strong>pastus</strong></span> <span class='ocrx_word' id='word_1_116' title='bbox 1401 1907 1540 1972; x_wconf 89' lang='lat' dir='ltr'><strong>eiusdem</strong></span> 
     </span>
     <span class='ocr_line' id='line_1_15' title="bbox 336 2013 1400 2091; baseline -0.006 -9"><span class='ocrx_word' id='word_1_117' title='bbox 336 2015 483 2082; x_wconf 86' lang='lat' dir='ltr'><strong>exercicii</strong></span> <span class='ocrx_word' id='word_1_118' title='bbox 506 2018 538 2079; x_wconf 91' lang='lat' dir='ltr'><strong>et</strong></span> <span class='ocrx_word' id='word_1_119' title='bbox 560 2013 719 2091; x_wconf 79' lang='lat' dir='ltr'><strong>lectionis,</strong></span> <span class='ocrx_word' id='word_1_120' title='bbox 742 2014 814 2079; x_wconf 91' lang='lat' dir='ltr'><strong>dolo</strong></span> <span class='ocrx_word' id='word_1_121' title='bbox 837 2019 944 2079; x_wconf 88' lang='lat' dir='ltr'><strong>tamen</strong></span> <span class='ocrx_word' id='word_1_122' title='bbox 968 2017 1000 2079; x_wconf 94' lang='lat' dir='ltr'><strong>et</strong></span> <span class='ocrx_word' id='word_1_123' title='bbox 1021 2013 1131 2078; x_wconf 88' lang='lat' dir='ltr'><strong>fraude</strong></span> <span class='ocrx_word' id='word_1_124' title='bbox 1153 2013 1291 2078; x_wconf 79' lang='lat' dir='ltr'><strong>seclusis.</strong></span> <span class='ocrx_word' id='word_1_125' title='bbox 1394 2047 1400 2060; x_wconf 91' lang='lat'><strong>·</strong></span> 
     </span>
    </p>

    <p class='ocr_par' dir='ltr' id='par_1_4' title="bbox 334 2115 1539 2306">
     <span class='ocr_line' id='line_1_16' title="bbox 421 2115 1539 2202; baseline -0.004 -20"><span class='ocrx_word' id='word_1_126' title='bbox 421 2117 472 2183; x_wconf 85' lang='lat'><strong>20.</strong></span> <span class='ocrx_word' id='word_1_127' title='bbox 496 2117 644 2201; x_wconf 84' lang='lat' dir='ltr'><strong>Amplius</strong></span> <span class='ocrx_word' id='word_1_128' title='bbox 667 2117 787 2202; x_wconf 77' lang='lat' dir='ltr'><strong>placuit</strong></span> <span class='ocrx_word' id='word_1_129' title='bbox 810 2117 974 2195; x_wconf 82' lang='lat' dir='ltr'><strong>facultati,</strong></span> <span class='ocrx_word' id='word_1_130' title='bbox 1000 2118 1083 2202; x_wconf 91' lang='lat' dir='ltr'><strong>quod</strong></span> <span class='ocrx_word' id='word_1_131' title='bbox 1105 2117 1180 2184; x_wconf 90' lang='lat' dir='ltr'><strong>talis</strong></span> <span class='ocrx_word' id='word_1_132' title='bbox 1203 2121 1346 2182; x_wconf 91' lang='lat' dir='ltr'><strong>seruetur</strong></span> <span class='ocrx_word' id='word_1_133' title='bbox 1368 2115 1539 2200; x_wconf 86' lang='lat' dir='ltr'><strong>legendi</strong></span> 
     </span>
     <span class='ocr_line' id='line_1_17' title="bbox 334 2220 1539 2306; baseline -0.004 -18"><span class='ocrx_word' id='word_1_134' title='bbox 334 2223 488 2302; x_wconf 87' lang='lat' dir='ltr'><strong>forma,</strong></span> <span class='ocrx_word' id='word_1_135' title='bbox 521 2228 556 2287; x_wconf 87' lang='lat' dir='ltr'><strong>vt</strong></span> <span class='ocrx_word' id='word_1_136' title='bbox 585 2222 733 2287; x_wconf 87' lang='lat' dir='ltr'><strong>videlicet</strong></span> <span class='ocrx_word' id='word_1_137' title='bbox 763 2222 901 2306; x_wconf 85' lang='lat' dir='ltr'><strong>primunr</strong></span> <span class='ocrx_word' id='word_1_138' title='bbox 924 2221 1078 2306; x_wconf 80' lang='lat' dir='ltr'><strong>Magister</strong></span> <span class='ocrx_word' id='word_1_139' title='bbox 1110 2245 1180 2287; x_wconf 91' lang='lat' dir='ltr'><strong>cum</strong></span> <span class='ocrx_word' id='word_1_140' title='bbox 1215 2220 1384 2306; x_wconf 80' lang='lat' dir='ltr'><strong>diligencia</strong></span> <span class='ocrx_word' id='word_1_141' title='bbox 1415 2241 1539 2284; x_wconf 88' lang='lat' dir='ltr'><strong>morose</strong></span> 
     </span>
    </p>
   </div>
   <div class='ocr_carea' id='block_1_3' title="bbox 332 2431 1554 4619">
    <p class='ocr_par' dir='ltr' id='par_1_5' title="bbox 336 2431 1554 2623">
     <span class='ocr_line' id='line_1_18' title="bbox 336 2431 1554 2517; baseline -0.005 -19"><span class='ocrx_word' id='word_1_142' title='bbox 336 2437 384 2498; x_wconf 90' lang='lat' dir='ltr'><strong>est</strong></span> <span class='ocrx_word' id='word_1_143' title='bbox 408 2432 661 2517; x_wconf 79' lang='lat' dir='ltr'><strong>magistrandus,</strong></span> <span class='ocrx_word' id='word_1_144' title='bbox 692 2433 748 2516; x_wconf 85' lang='lat' dir='ltr'><strong>qui</strong></span> <span class='ocrx_word' id='word_1_145' title='bbox 778 2432 958 2498; x_wconf 85' lang='lat' dir='ltr'><strong>huiusmodi</strong></span> <span class='ocrx_word' id='word_1_146' title='bbox 990 2455 1116 2498; x_wconf 87' lang='lat' dir='ltr'><strong>causam</strong></span> <span class='ocrx_word' id='word_1_147' title='bbox 1149 2452 1324 2517; x_wconf 90' lang='lat' dir='ltr'><strong>proponere</strong></span> <span class='ocrx_word' id='word_1_148' title='bbox 1349 2431 1433 2508; x_wconf 86' lang='lat' dir='ltr'><strong>vult,</strong></span> <span class='ocrx_word' id='word_1_149' title='bbox 1464 2433 1554 2493; x_wconf 89' lang='lat' dir='ltr'><strong>ante·</strong></span> 
     </span>
     <span class='ocr_line' id='line_1_19' title="bbox 336 2537 708 2623; baseline 0.003 -21"><span class='ocrx_word' id='word_1_150' title='bbox 336 2537 586 2623; x_wconf 87' lang='lat' dir='ltr'><strong>propositionem</strong></span> <span class='ocrx_word' id='word_1_151' title='bbox 605 2542 708 2603; x_wconf 84' lang='lat' dir='ltr'><strong>exeat.</strong></span> 
     </span>
    </p>

    <p class='ocr_par' dir='ltr' id='par_1_6' title="bbox 335 2640 1539 3147">
     <span class='ocr_line' id='line_1_20' title="bbox 424 2640 1539 2729; baseline -0.002 -23"><span class='ocrx_word' id='word_1_152' title='bbox 424 2640 507 2708; x_wconf 88' lang='lat' dir='ltr'><strong>Item</strong></span> <span class='ocrx_word' id='word_1_153' title='bbox 529 2642 557 2708; x_wconf 93' lang='lat' dir='ltr'><strong>si</strong></span> <span class='ocrx_word' id='word_1_154' title='bbox 579 2643 695 2727; x_wconf 85' lang='lat' dir='ltr'><strong>aliquis</strong></span> <span class='ocrx_word' id='word_1_155' title='bbox 717 2643 1007 2729; x_wconf 86' lang='lat' dir='ltr'><strong>magistrandorum</strong></span> <span class='ocrx_word' id='word_1_156' title='bbox 1025 2648 1097 2728; x_wconf 92' lang='lat' dir='ltr'><strong>post</strong></span> <span class='ocrx_word' id='word_1_157' title='bbox 1112 2644 1250 2708; x_wconf 88' lang='lat' dir='ltr'><strong>medium</strong></span> <span class='ocrx_word' id='word_1_158' title='bbox 1265 2642 1316 2707; x_wconf 80' lang='lat' dir='ltr'><strong>vel</strong></span> <span class='ocrx_word' id='word_1_159' title='bbox 1337 2641 1420 2706; x_wconf 90' lang='lat' dir='ltr'><strong>circa</strong></span> <span class='ocrx_word' id='word_1_160' title='bbox 1442 2640 1539 2705; x_wconf 89' lang='lat' dir='ltr'><strong>finem</strong></span> 
     </span>
     <span class='ocr_line' id='line_1_21' title="bbox 337 2745 1538 2834; baseline -0.002 -22"><span class='ocrx_word' id='word_1_161' title='bbox 337 2745 525 2814; x_wconf 89' lang='lat' dir='ltr'><strong>mutationis</strong></span> <span class='ocrx_word' id='word_1_162' title='bbox 559 2748 630 2814; x_wconf 91' lang='lat' dir='ltr'><strong>illas</strong></span> <span class='ocrx_word' id='word_1_163' title='bbox 662 2750 866 2833; x_wconf 89' lang='lat' dir='ltr'><strong>repetitiones</strong></span> <span class='ocrx_word' id='word_1_164' title='bbox 889 2751 998 2816; x_wconf 86' lang='lat' dir='ltr'><strong>audire</strong></span> <span class='ocrx_word' id='word_1_165' title='bbox 1019 2750 1192 2834; x_wconf 80' lang='lat' dir='ltr'><strong>inciperet,</strong></span> <span class='ocrx_word' id='word_1_166' title='bbox 1224 2748 1299 2814; x_wconf 87' lang='lat' dir='ltr'><strong>talis</strong></span> <span class='ocrx_word' id='word_1_167' title='bbox 1328 2745 1538 2812; x_wconf 90' lang='lat' dir='ltr'><strong>nihilominus</strong></span> 
     </span>
     <span class='ocr_line' id='line_1_22' title="bbox 339 2853 1538 2940; baseline -0.003 -22"><span class='ocrx_word' id='word_1_168' title='bbox 339 2855 501 2937; x_wconf 80' lang='lat' dir='ltr'><strong>integrum</strong></span> <span class='ocrx_word' id='word_1_169' title='bbox 523 2857 651 2936; x_wconf 88' lang='lat' dir='ltr'><strong>pastum</strong></span> <span class='ocrx_word' id='word_1_170' title='bbox 674 2855 788 2933; x_wconf 89' lang='lat' dir='ltr'><strong>soluat,</strong></span> <span class='ocrx_word' id='word_1_171' title='bbox 812 2877 849 2920; x_wconf 88' lang='lat' dir='ltr'><strong>ac</strong></span> <span class='ocrx_word' id='word_1_172' title='bbox 870 2857 897 2920; x_wconf 90' lang='lat' dir='ltr'><strong>si</strong></span> <span class='ocrx_word' id='word_1_173' title='bbox 919 2855 1110 2940; x_wconf 85' lang='lat' dir='ltr'><strong>aprincipio</strong></span> <span class='ocrx_word' id='word_1_174' title='bbox 1128 2855 1314 2919; x_wconf 87' lang='lat' dir='ltr'><strong>mutationis</strong></span> <span class='ocrx_word' id='word_1_175' title='bbox 1337 2853 1459 2918; x_wconf 83' lang='lat' dir='ltr'><strong>easdem</strong></span> <span class='ocrx_word' id='word_1_176' title='bbox 1481 2873 1538 2915; x_wconf 88' lang='lat' dir='ltr'><strong>an·</strong></span> 
     </span>
     <span class='ocr_line' id='line_1_23' title="bbox 335 2957 1537 3044; baseline -0.002 -21"><span class='ocrx_word' id='word_1_177' title='bbox 335 2959 402 3024; x_wconf 90' lang='lat' dir='ltr'><strong>dire</strong></span> <span class='ocrx_word' id='word_1_178' title='bbox 426 2958 602 3042; x_wconf 87' lang='lat' dir='ltr'><strong>incepisset.</strong></span> <span class='ocrx_word' id='word_1_179' title='bbox 650 2958 723 3024; x_wconf 89' lang='lat' dir='ltr'><strong>Nisi</strong></span> <span class='ocrx_word' id='word_1_180' title='bbox 745 2959 804 3024; x_wconf 90' lang='lat' dir='ltr'><strong>hoc</strong></span> <span class='ocrx_word' id='word_1_181' title='bbox 819 2981 857 3022; x_wconf 86' lang='lat' dir='ltr'><strong>ex</strong></span> <span class='ocrx_word' id='word_1_182' title='bbox 876 2959 1020 3044; x_wconf 81' lang='lat' dir='ltr'><strong>legitima</strong></span> <span class='ocrx_word' id='word_1_183' title='bbox 1035 2957 1128 3024; x_wconf 84' lang='lat' dir='ltr'><strong>causa</strong></span> <span class='ocrx_word' id='word_1_184' title='bbox 1143 2958 1263 3024; x_wconf 89' lang='lat' dir='ltr'><strong>factum</strong></span> <span class='ocrx_word' id='word_1_185' title='bbox 1285 2957 1408 3034; x_wconf 89' lang='lat' dir='ltr'><strong>fuisset,</strong></span> <span class='ocrx_word' id='word_1_186' title='bbox 1432 2977 1537 3039; x_wconf 91' lang='lat' dir='ltr'><strong>quam,</strong></span> 
     </span>
     <span class='ocr_line' id='line_1_24' title="bbox 335 3063 992 3147; baseline 0.002 -21"><span class='ocrx_word' id='word_1_187' title='bbox 335 3067 499 3147; x_wconf 83' lang='lat' dir='ltr'><strong>utsupra,</strong></span> <span class='ocrx_word' id='word_1_188' title='bbox 522 3063 669 3128; x_wconf 85' lang='lat' dir='ltr'><strong>facultati</strong></span> <span class='ocrx_word' id='word_1_189' title='bbox 693 3085 868 3147; x_wconf 87' lang='lat' dir='ltr'><strong>proponere</strong></span> <span class='ocrx_word' id='word_1_190' title='bbox 890 3064 992 3129; x_wconf 85' lang='lat' dir='ltr'><strong>debet.</strong></span> 
     </span>
    </p>

    <p class='ocr_par' dir='ltr' id='par_1_7' title="bbox 334 3165 1541 3884">
     <span class='ocr_line' id='line_1_25' title="bbox 424 3165 1539 3254; baseline -0.002 -22"><span class='ocrx_word' id='word_1_191' title='bbox 424 3165 537 3232; x_wconf 88' lang='lat' dir='ltr'><strong>Voluit</strong></span> <span class='ocrx_word' id='word_1_192' title='bbox 559 3168 694 3252; x_wconf 88' lang='lat' dir='ltr'><strong>denique</strong></span> <span class='ocrx_word' id='word_1_193' title='bbox 716 3168 866 3248; x_wconf 75' lang='lat' dir='ltr'><strong>facultas,</strong></span> <span class='ocrx_word' id='word_1_194' title='bbox 900 3170 984 3253; x_wconf 87' lang='lat' dir='ltr'><strong>quod</strong></span> <span class='ocrx_word' id='word_1_195' title='bbox 1006 3168 1242 3254; x_wconf 82' lang='lat' dir='ltr'><strong>magistrandus</strong></span> <span class='ocrx_word' id='word_1_196' title='bbox 1265 3190 1302 3232; x_wconf 87' lang='lat' dir='ltr'><strong>ex</strong></span> <span class='ocrx_word' id='word_1_197' title='bbox 1325 3168 1388 3233; x_wconf 89' lang='lat' dir='ltr'><strong>ulia</strong></span> <span class='ocrx_word' id='word_1_198' title='bbox 1411 3167 1539 3231; x_wconf 82' lang='lat' dir='ltr'><strong>uniuer-</strong></span> 
     </span>
     <span class='ocr_line' id='line_1_26' title="bbox 334 3271 1541 3358; baseline -0.002 -22"><span class='ocrx_word' id='word_1_199' title='bbox 334 3271 430 3338; x_wconf 86' lang='lat' dir='ltr'><strong>sitate</strong></span> <span class='ocrx_word' id='word_1_200' title='bbox 452 3271 642 3352; x_wconf 89' lang='lat' dir='ltr'><strong>adueniens,</strong></span> <span class='ocrx_word' id='word_1_201' title='bbox 666 3277 734 3338; x_wconf 89' lang='lat' dir='ltr'><strong>toto</strong></span> <span class='ocrx_word' id='word_1_202' title='bbox 757 3277 901 3358; x_wconf 88' lang='lat' dir='ltr'><strong>tempore</strong></span> <span class='ocrx_word' id='word_1_203' title='bbox 925 3297 987 3358; x_wconf 91' lang='lat' dir='ltr'><strong>quo</strong></span> <span class='ocrx_word' id='word_1_204' title='bbox 1008 3274 1061 3340; x_wconf 90' lang='lat' dir='ltr'><strong>hic</strong></span> <span class='ocrx_word' id='word_1_205' title='bbox 1084 3274 1118 3338; x_wconf 91' lang='lat' dir='ltr'><strong>in</strong></span> <span class='ocrx_word' id='word_1_206' title='bbox 1142 3278 1251 3338; x_wconf 87' lang='lat' dir='ltr'><strong>nostra</strong></span> <span class='ocrx_word' id='word_1_207' title='bbox 1274 3273 1483 3338; x_wconf 78' lang='lat' dir='ltr'><strong>uniuersitate</strong></span> <span class='ocrx_word' id='word_1_208' title='bbox 1504 3275 1541 3335; x_wconf 87' lang='lat' dir='ltr'><strong>vt</strong></span> 
     </span>
     <span class='ocr_line' id='line_1_27' title="bbox 336 3375 1540 3464; baseline -0.002 -24"><span class='ocrx_word' id='word_1_209' title='bbox 336 3376 572 3462; x_wconf 83' lang='lat' dir='ltr'><strong>magistrandus</strong></span> <span class='ocrx_word' id='word_1_210' title='bbox 594 3378 694 3458; x_wconf 90' lang='lat' dir='ltr'><strong>stetit,</strong></span> <span class='ocrx_word' id='word_1_211' title='bbox 718 3378 823 3443; x_wconf 89' lang='lat' dir='ltr'><strong>soluat</strong></span> <span class='ocrx_word' id='word_1_212' title='bbox 844 3379 1036 3463; x_wconf 88' lang='lat' dir='ltr'><strong>resumptori</strong></span> <span class='ocrx_word' id='word_1_213' title='bbox 1058 3379 1220 3464; x_wconf 80' lang='lat' dir='ltr'><strong>integrum</strong></span> <span class='ocrx_word' id='word_1_214' title='bbox 1235 3381 1372 3461; x_wconf 88' lang='lat' dir='ltr'><strong>pastum,</strong></span> <span class='ocrx_word' id='word_1_215' title='bbox 1395 3375 1540 3440; x_wconf 87' lang='lat' dir='ltr'><strong>videlicet</strong></span> 
     </span>
     <span class='ocr_line' id='line_1_28' title="bbox 334 3481 1540 3567; baseline -0.002 -21"><span class='ocrx_word' id='word_1_216' title='bbox 334 3481 562 3566; x_wconf 86' lang='lat' dir='ltr'><strong>eptomadatim</strong></span> <span class='ocrx_word' id='word_1_217' title='bbox 598 3487 735 3566; x_wconf 90' lang='lat' dir='ltr'><strong>quatuor</strong></span> <span class='ocrx_word' id='word_1_218' title='bbox 766 3483 891 3550; x_wconf 87' lang='lat' dir='ltr'><strong>solidos.</strong></span> <span class='ocrx_word' id='word_1_219' title='bbox 938 3483 1000 3550; x_wconf 93' lang='lat' dir='ltr'><strong>Illo</strong></span> <span class='ocrx_word' id='word_1_220' title='bbox 1030 3506 1103 3550; x_wconf 88' lang='lat' dir='ltr'><strong>vero</strong></span> <span class='ocrx_word' id='word_1_221' title='bbox 1138 3490 1280 3567; x_wconf 83' lang='lat' dir='ltr'><strong>ternpore</strong></span> <span class='ocrx_word' id='word_1_222' title='bbox 1303 3504 1366 3566; x_wconf 91' lang='lat' dir='ltr'><strong>quo</strong></span> <span class='ocrx_word' id='word_1_223' title='bbox 1388 3503 1454 3545; x_wconf 91' lang='lat' dir='ltr'><strong>non</strong></span> <span class='ocrx_word' id='word_1_224' title='bbox 1476 3481 1540 3544; x_wconf 88' lang='lat' dir='ltr'><strong>fuit</strong></span> 
     </span>
     <span class='ocr_line' id='line_1_29' title="bbox 335 3585 1539 3674; baseline -0.002 -22"><span class='ocrx_word' id='word_1_225' title='bbox 335 3585 396 3666; x_wconf 88' lang='lat' dir='ltr'><strong>hic,</strong></span> <span class='ocrx_word' id='word_1_226' title='bbox 420 3587 634 3670; x_wconf 88' lang='lat' dir='ltr'><strong>computando</strong></span> <span class='ocrx_word' id='word_1_227' title='bbox 656 3611 675 3652; x_wconf 89' lang='lat' dir='ltr'><strong>a</strong></span> <span class='ocrx_word' id='word_1_228' title='bbox 698 3589 802 3673; x_wconf 90' lang='lat' dir='ltr'><strong>primo</strong></span> <span class='ocrx_word' id='word_1_229' title='bbox 817 3589 877 3668; x_wconf 86' lang='lat' dir='ltr'><strong>die,</strong></span> <span class='ocrx_word' id='word_1_230' title='bbox 900 3611 963 3674; x_wconf 90' lang='lat' dir='ltr'><strong>quo</strong></span> <span class='ocrx_word' id='word_1_231' title='bbox 978 3594 1158 3674; x_wconf 91' lang='lat' dir='ltr'><strong>resumptor</strong></span> <span class='ocrx_word' id='word_1_232' title='bbox 1173 3590 1292 3673; x_wconf 90' lang='lat' dir='ltr'><strong>incepit</strong></span> <span class='ocrx_word' id='word_1_233' title='bbox 1310 3592 1452 3673; x_wconf 87' lang='lat' dir='ltr'><strong>repetere</strong></span> <span class='ocrx_word' id='word_1_234' title='bbox 1473 3587 1539 3651; x_wconf 92' lang='lat' dir='ltr'><strong>illis</strong></span> 
     </span>
     <span class='ocr_line' id='line_1_30' title="bbox 336 3692 1538 3780; baseline -0.002 -22"><span class='ocrx_word' id='word_1_235' title='bbox 336 3693 579 3778; x_wconf 82' lang='lat' dir='ltr'><strong>magistrandis,</strong></span> <span class='ocrx_word' id='word_1_236' title='bbox 613 3716 685 3759; x_wconf 90' lang='lat' dir='ltr'><strong>cum</strong></span> <span class='ocrx_word' id='word_1_237' title='bbox 717 3695 832 3779; x_wconf 90' lang='lat' dir='ltr'><strong>quibus</strong></span> <span class='ocrx_word' id='word_1_238' title='bbox 854 3697 929 3761; x_wconf 90' lang='lat' dir='ltr'><strong>talis</strong></span> <span class='ocrx_word' id='word_1_239' title='bbox 953 3696 1074 3760; x_wconf 85' lang='lat' dir='ltr'><strong>alienus</strong></span> <span class='ocrx_word' id='word_1_240' title='bbox 1097 3695 1276 3780; x_wconf 90' lang='lat' dir='ltr'><strong>promoueri</strong></span> <span class='ocrx_word' id='word_1_241' title='bbox 1299 3693 1404 3778; x_wconf 90' lang='lat' dir='ltr'><strong>cupit,</strong></span> <span class='ocrx_word' id='word_1_242' title='bbox 1436 3692 1538 3756; x_wconf 90' lang='lat' dir='ltr'><strong>soluet</strong></span> 
     </span>
     <span class='ocr_line' id='line_1_31' title="bbox 335 3800 1243 3884; baseline 0.001 -21"><span class='ocrx_word' id='word_1_243' title='bbox 335 3801 526 3884; x_wconf 88' lang='lat' dir='ltr'><strong>resumptori</strong></span> <span class='ocrx_word' id='word_1_244' title='bbox 549 3821 606 3882; x_wconf 92' lang='lat' dir='ltr'><strong>pro</strong></span> <span class='ocrx_word' id='word_1_245' title='bbox 630 3800 772 3883; x_wconf 88' lang='lat' dir='ltr'><strong>qualibet</strong></span> <span class='ocrx_word' id='word_1_246' title='bbox 796 3801 973 3884; x_wconf 88' lang='lat' dir='ltr'><strong>septimana</strong></span> <span class='ocrx_word' id='word_1_247' title='bbox 995 3806 1065 3868; x_wconf 90' lang='lat' dir='ltr'><strong>octo</strong></span> <span class='ocrx_word' id='word_1_248' title='bbox 1087 3823 1243 3866; x_wconf 88' lang='lat' dir='ltr'><strong>nummos.</strong></span> 
     </span>
    </p>

    <p class='ocr_par' dir='ltr' id='par_1_8' title="bbox 332 3900 1541 4619">
     <span class='ocr_line' id='line_1_32' title="bbox 421 3900 1540 3992; baseline 0 -25"><span class='ocrx_word' id='word_1_249' title='bbox 421 3900 502 3968; x_wconf 90' lang='lat' dir='ltr'><strong>Item</strong></span> <span class='ocrx_word' id='word_1_250' title='bbox 526 3925 645 3989; x_wconf 91' lang='lat' dir='ltr'><strong>pauper</strong></span> <span class='ocrx_word' id='word_1_251' title='bbox 678 3905 734 3990; x_wconf 87' lang='lat' dir='ltr'><strong>qui</strong></span> <span class='ocrx_word' id='word_1_252' title='bbox 758 3909 866 3972; x_wconf 80' lang='lat' dir='ltr'><strong>texam</strong></span> <span class='ocrx_word' id='word_1_253' title='bbox 890 3907 1030 3992; x_wconf 88' lang='lat' dir='ltr'><strong>recepit,</strong></span> <span class='ocrx_word' id='word_1_254' title='bbox 1061 3907 1252 3991; x_wconf 88' lang='lat' dir='ltr'><strong>resumptori</strong></span> <span class='ocrx_word' id='word_1_255' title='bbox 1275 3905 1413 3970; x_wconf 88' lang='lat' dir='ltr'><strong>medium</strong></span> <span class='ocrx_word' id='word_1_256' title='bbox 1435 3903 1540 3970; x_wconf 90' lang='lat' dir='ltr'><strong>soluat</strong></span> 
     </span>
     <span class='ocr_line' id='line_1_33' title="bbox 335 4007 1541 4094; baseline -0.001 -21"><span class='ocrx_word' id='word_1_257' title='bbox 335 4013 473 4094; x_wconf 84' lang='lat' dir='ltr'><strong>pastum.</strong></span> <span class='ocrx_word' id='word_1_258' title='bbox 520 4009 581 4075; x_wconf 87' lang='lat' dir='ltr'><strong>Per</strong></span> <span class='ocrx_word' id='word_1_259' title='bbox 602 4010 663 4076; x_wconf 89' lang='lat' dir='ltr'><strong>hoo</strong></span> <span class='ocrx_word' id='word_1_260' title='bbox 690 4016 797 4076; x_wconf 87' lang='lat' dir='ltr'><strong>lemen</strong></span> <span class='ocrx_word' id='word_1_261' title='bbox 819 4012 954 4078; x_wconf 84' lang='lat' dir='ltr'><strong>facultas</strong></span> <span class='ocrx_word' id='word_1_262' title='bbox 976 4013 1078 4078; x_wconf 87' lang='lat' dir='ltr'><strong>voluit</strong></span> <span class='ocrx_word' id='word_1_263' title='bbox 1100 4013 1243 4078; x_wconf 84' lang='lat' dir='ltr'><strong>claudere</strong></span> <span class='ocrx_word' id='word_1_264' title='bbox 1272 4012 1377 4086; x_wconf 83' lang='lat' dir='ltr'><strong>viam,</strong></span> <span class='ocrx_word' id='word_1_265' title='bbox 1410 4009 1487 4092; x_wconf 92' lang='lat' dir='ltr'><strong>quin</strong></span> <span class='ocrx_word' id='word_1_266' title='bbox 1512 4007 1541 4072; x_wconf 91' lang='lat' dir='ltr'><strong>si</strong></span> 
     </span>
     <span class='ocr_line' id='line_1_34' title="bbox 335 4113 1540 4199; baseline -0.001 -21"><span class='ocrx_word' id='word_1_267' title='bbox 335 4114 408 4178; x_wconf 87' lang='lat' dir='ltr'><strong>talis</strong></span> <span class='ocrx_word' id='word_1_268' title='bbox 435 4134 555 4198; x_wconf 87' lang='lat' dir='ltr'><strong>pauper</strong></span> <span class='ocrx_word' id='word_1_269' title='bbox 579 4115 613 4178; x_wconf 94' lang='lat' dir='ltr'><strong>in</strong></span> <span class='ocrx_word' id='word_1_270' title='bbox 636 4113 827 4199; x_wconf 88' lang='lat' dir='ltr'><strong>sumptibus,</strong></span> <span class='ocrx_word' id='word_1_271' title='bbox 851 4117 1048 4182; x_wconf 86' lang='lat' dir='ltr'><strong>vestimentis</strong></span> <span class='ocrx_word' id='word_1_272' title='bbox 1071 4123 1104 4182; x_wconf 90' lang='lat' dir='ltr'><strong>et</strong></span> <span class='ocrx_word' id='word_1_273' title='bbox 1126 4117 1198 4182; x_wconf 88' lang='lat' dir='ltr'><strong>aliia</strong></span> <span class='ocrx_word' id='word_1_274' title='bbox 1217 4115 1411 4181; x_wconf 87' lang='lat' dir='ltr'><strong>vanitatibus</strong></span> <span class='ocrx_word' id='word_1_275' title='bbox 1434 4135 1540 4179; x_wconf 87' lang='lat' dir='ltr'><strong>exces-</strong></span> 
     </span>
     <span class='ocr_line' id='line_1_35' title="bbox 334 4217 1540 4307; baseline -0.002 -24"><span class='ocrx_word' id='word_1_276' title='bbox 334 4219 421 4283; x_wconf 90' lang='lat' dir='ltr'><strong>siuus</strong></span> <span class='ocrx_word' id='word_1_277' title='bbox 445 4217 553 4297; x_wconf 90' lang='lat' dir='ltr'><strong>fuerit,</strong></span> <span class='ocrx_word' id='word_1_278' title='bbox 577 4217 617 4284; x_wconf 90' lang='lat' dir='ltr'><strong>ab</strong></span> <span class='ocrx_word' id='word_1_279' title='bbox 640 4222 747 4286; x_wconf 90' lang='lat' dir='ltr'><strong>eodem</strong></span> <span class='ocrx_word' id='word_1_280' title='bbox 770 4222 855 4286; x_wconf 85' lang='lat' dir='ltr'><strong>vltra</strong></span> <span class='ocrx_word' id='word_1_281' title='bbox 884 4223 1023 4288; x_wconf 86' lang='lat' dir='ltr'><strong>medium</strong></span> <span class='ocrx_word' id='word_1_282' title='bbox 1046 4227 1173 4306; x_wconf 88' lang='lat' dir='ltr'><strong>pastum</strong></span> <span class='ocrx_word' id='word_1_283' title='bbox 1205 4221 1329 4307; x_wconf 81' lang='lat' dir='ltr'><strong>exigere</strong></span> <span class='ocrx_word' id='word_1_284' title='bbox 1351 4219 1461 4304; x_wconf 87' lang='lat' dir='ltr'><strong>possit.</strong></span> <span class='ocrx_word' id='word_1_285' title='bbox 1506 4217 1540 4282; x_wconf 89' lang='lat' dir='ltr'><strong>Si</strong></span> 
     </span>
     <span class='ocr_line' id='line_1_36' title="bbox 334 4322 1541 4410; baseline -0.001 -21"><span class='ocrx_word' id='word_1_286' title='bbox 334 4343 408 4390; x_wconf 73' lang='lat' dir='ltr'><strong>vero</strong></span> <span class='ocrx_word' id='word_1_287' title='bbox 423 4322 565 4402; x_wconf 89' lang='lat' dir='ltr'><strong>humilis,</strong></span> <span class='ocrx_word' id='word_1_288' title='bbox 589 4323 753 4404; x_wconf 86' lang='lat' dir='ltr'><strong>discretus,</strong></span> <span class='ocrx_word' id='word_1_289' title='bbox 777 4345 891 4410; x_wconf 86' lang='lat' dir='ltr'><strong>parcns</strong></span> <span class='ocrx_word' id='word_1_290' title='bbox 906 4330 939 4392; x_wconf 92' lang='lat' dir='ltr'><strong>et</strong></span> <span class='ocrx_word' id='word_1_291' title='bbox 961 4327 1119 4392; x_wconf 88' lang='lat' dir='ltr'><strong>studiosus</strong></span> <span class='ocrx_word' id='word_1_292' title='bbox 1133 4327 1238 4405; x_wconf 89' lang='lat' dir='ltr'><strong>fuerit,</strong></span> <span class='ocrx_word' id='word_1_293' title='bbox 1263 4329 1296 4392; x_wconf 92' lang='lat' dir='ltr'><strong>et</strong></span> <span class='ocrx_word' id='word_1_294' title='bbox 1309 4349 1330 4390; x_wconf 87' lang='lat' dir='ltr'><strong>a</strong></span> <span class='ocrx_word' id='word_1_295' title='bbox 1344 4329 1541 4409; x_wconf 88' lang='lat' dir='ltr'><strong>resmnptore</strong></span> 
     </span>
     <span class='ocr_line' id='line_1_37' title="bbox 332 4427 1540 4516; baseline 0.001 -22"><span class='ocrx_word' id='word_1_296' title='bbox 332 4427 469 4514; x_wconf 80' lang='lat' dir='ltr'><strong>gratiam</strong></span> <span class='ocrx_word' id='word_1_297' title='bbox 491 4429 628 4512; x_wconf 90' lang='lat' dir='ltr'><strong>petierit,</strong></span> <span class='ocrx_word' id='word_1_298' title='bbox 653 4435 729 4497; x_wconf 91' lang='lat' dir='ltr'><strong>tunc</strong></span> <span class='ocrx_word' id='word_1_299' title='bbox 752 4435 929 4516; x_wconf 89' lang='lat' dir='ltr'><strong>resumptor</strong></span> <span class='ocrx_word' id='word_1_300' title='bbox 944 4431 1050 4498; x_wconf 90' lang='lat' dir='ltr'><strong>minus</strong></span> <span class='ocrx_word' id='word_1_301' title='bbox 1070 4431 1202 4497; x_wconf 89' lang='lat' dir='ltr'><strong>dimidia</strong></span> <span class='ocrx_word' id='word_1_302' title='bbox 1222 4436 1313 4516; x_wconf 89' lang='lat' dir='ltr'><strong>parte</strong></span> <span class='ocrx_word' id='word_1_303' title='bbox 1335 4432 1384 4498; x_wconf 88' lang='lat' dir='ltr'><strong>vel</strong></span> <span class='ocrx_word' id='word_1_304' title='bbox 1408 4431 1540 4498; x_wconf 90' lang='lat' dir='ltr'><strong>omnino</strong></span> 
     </span>
     <span class='ocr_line' id='line_1_38' title="bbox 334 4533 710 4619; baseline 0.013 -22"><span class='ocrx_word' id='word_1_305' title='bbox 334 4533 416 4598; x_wconf 86' lang='lat' dir='ltr'><strong>nihil</strong></span> <span class='ocrx_word' id='word_1_306' title='bbox 438 4535 577 4619; x_wconf 87' lang='lat' dir='ltr'><strong>recipere</strong></span> <span class='ocrx_word' id='word_1_307' title='bbox 600 4537 710 4619; x_wconf 86' lang='lat' dir='ltr'><strong>possit.</strong></span> 
     </span>
    </p>
   </div>
   <div class='ocr_carea' id='block_1_4' title="bbox 0 0 1737 5314">
    <p class='ocr_par' dir='ltr' id='par_1_9' title="bbox 0 0 1737 5314">
     <span class='ocr_line' id='line_1_39' title="bbox 0 0 1737 5314; baseline 0 0"><span class='ocrx_word' id='word_1_308' title='bbox 0 0 1737 5314; x_wconf 95' lang='lat' dir='ltr'><strong> </strong></span> 
     </span>
    </p>
   </div>
  </div>
 </body>
</html>
