3442 5314
549 449 574 504 8.
601 447 734 504 81111111
752 465 817 504 vom
835 449 860 502 9.
878 447 942 504 Okt.
964 449 1040 506 1477.
1350 456 1390 520 57

190 609 296 671 autem
330 609 456 693 proprie
478 609 589 674 salutis
612 609 776 673 immemor
810 608 957 674 mulieres
987 609 1200 677 introduxerit
1222 616 1390 696 suspectas,

189 713 294 778 soluat
316 713 421 799 prima
441 715 508 780 vice
523 715 685 781 conuictus
702 716 848 798 quartam
871 717 997 799 partem
1018 715 1139 793 florem,
1169 715 1303 780 secunda
1325 716 1392 782 vice

189 817 330 884 medium
355 820 509 886 florenum
531 824 564 885 et
584 819 681 885 tertia
702 822 807 884 totum
822 819 976 884 florenum
990 820 1206 884 vniucrsitatis
1228 821 1302 885 fisco
1325 824 1390 884 tru-

190 923 264 1002 dat,
294 930 327 989 et
357 925 386 990 si
408 927 535 1010 penitus
557 948 590 991 se
612 946 674 990 non
698 924 933 1002 emendarent,
966 923 1004 988 de
1037 925 1133 990 borsa
1161 929 1193 988 11
1215 924 1391 989 bursalium

189 1028 347 1095 consortio
367 1029 498 1096 eiciatur
521 1037 553 1096 et
575 1030 799 1098 nichilominus
822 1051 936 1114 penam
960 1030 1049 1094 dabit
1071 1030 1330 1113 suprascriptam.

277 1133 424 1199 Ceterum
454 1135 482 1200 si
512 1135 583 1220 quis
614 1135 776 1201 talismodi
806 1135 972 1200 mulierem
996 1135 1030 1199 in
1055 1134 1162 1218 aliquo
1183 1133 1302 1199 iuuerit
1324 1133 1391 1197 loco

189 1236 329 1316 notorie,
359 1243 490 1323 propter
512 1239 695 1306 scandalum
717 1243 750 1305 et
771 1240 902 1305 dedecus
924 1241 1023 1306 studii
1054 1239 1225 1306 secundum
1247 1238 1391 1304 Rectoris

189 1362 249 1426 pro
271 1345 412 1428 tempore
441 1349 474 1410 et
495 1343 755 1410 consiliariorum
783 1366 912 1410 suorum
944 1345 1114 1410 arbitrium
1144 1343 1273 1429 grauius
1296 1342 1390 1410 casti·

189 1449 292 1531 getur.

276 1551 358 1616 Item
383 1553 487 1638 quiuis
515 1554 728 1630 studentium,
759 1554 855 1638 plena
876 1553 1113 1638 suppositorum
1137 1554 1222 1620 facta
1244 1574 1390 1618 conuo-

189 1657 374 1738 1111111,
405 1681 443 1723 ex
471 1659 648 1724 honestatis
680 1659 786 1724 debito
808 1659 956 1724 astrictus
986 1659 1029 1724 sit
1053 1681 1085 1724 se
1108 1658 1307 1743 presentibus
1329 1657 1391 1722 ibi·

191 1762 263 1826 dem
278 1765 469 1846 presentare,
493 1765 698 1849 proponenda
712 1768 917 1850 percepturus
930 1763 1084 1850 Alioquin
1101 1787 1184 1850 pena
1199 1765 1233 1829 in
1249 1764 1391 1830 Rectoris

194 1868 344 1934 mandato
367 1889 513 1953 expressa
534 1873 720 1935 coerceatur.

281 1971 364 2038 Item
385 1974 555 2039 statuimus
577 1978 609 2040 et
631 1975 830 2054 ordinamus,
855 1975 936 2060 quod
960 1975 988 2040 si
1011 1975 1255 2040 incendium
1277 1976 1311 2040 in
1333 1975 1391 2040 hac

190 2077 325 2143 ciuitate
346 2077 501 2158 oriretur,
534 2101 630 2165 opera
652 2079 853 2146 inimicorum
875 2079 925 2144 vel
957 2079 1157 2165 negligentia
1178 2079 1391 2164 cuiuscunque

193 2182 291 2267 (quod
314 2184 488 2250 altissimus
510 2185 648 2270 auertat)
681 2191 736 2251 111
758 2186 836 2250 alias
860 2206 1028 2250 concursus
1052 2184 1102 2249 vel
1125 2185 1280 2251 tumultus
1302 2186 1392 2252 fieret

191 2287 400 2366 secularium,
432 2289 516 2373 quod
538 2291 662 2355 nullum
686 2289 725 2355 ed
747 2291 806 2356 hoc
827 2291 1006 2356 membrum
1028 2291 1243 2356 vniuersitatis
1266 2292 1392 2356 accedat

192 2393 450 2477 conspiciendum
464 2393 526 2460 Sed
548 2396 581 2460 in
605 2396 672 2461 loco
696 2396 904 2462 habitationis
926 2395 1021 2461 solite
1042 2398 1170 2460 maneat
1192 2395 1296 2479 quiete
1318 2394 1390 2459 nul-

191 2497 257 2562 lum
291 2499 429 2565 exterius
463 2498 659 2564 molestando
692 2500 752 2564 sub
783 2521 864 2582 pena
895 2499 1041 2566 Rectcris
1072 2503 1104 2564 et
1131 2498 1390 2565 Consiliariorum

189 2625 317 2670 snorum
340 2604 510 2670 arbitrario
532 2604 604 2672 Nisi
626 2627 682 2690 per
705 2605 856 2672 officiales
877 2605 939 2670 loci
961 2605 1033 2689 quis
1056 2603 1200 2670 extiterit
1221 2606 1358 2668 vocatus.

276 2706 358 2773 Item
372 2709 479 2774 nullus
500 2709 671 2775 cedulae
687 2709 844 2776 affixas
866 2711 925 2776 sub
940 2710 1086 2776 arbitrali
1100 2732 1183 2795 pena
1198 2711 1385 2785 summoveat,

278 2811 423 2898 Denique
451 2816 621 2880 statuimus
652 2819 686 2880 et
708 2816 910 2894 ordinemus,
942 2816 1026 2900 quod
1058 2814 1192 2898 quilibet
1214 2812 1329 2877 citatus
1352 2811 1392 2875 ad

189 2918 355 2984 Rectorem
370 2919 596 3000 rniuersitatis,
620 2921 647 2984 si
661 2921 753 2985 solu
762 2925 777 2986 t
787 2923 798 2984 i
807 2943 881 2986 one
897 2927 1013 2998 careat,
1038 2920 1151 2986 debeat
1166 2917 1281 2982 habere
1296 2915 1390 3001 quin·

188 3022 302 3088 denam
324 3045 381 3108 pro
405 3024 509 3109 primo
531 3025 667 3090 termino
690 3025 749 3090 sub
772 3047 856 3109 pena
878 3025 1012 3090 duorum
1033 3023 1224 3100 solidorum,
1255 3021 1390 3086 seeundo

188 3127 304 3192 iterum
327 3129 529 3213 quindenam,
552 3131 599 3195 ita
622 3134 728 3196 tamen
753 3130 837 3214 quod
852 3130 938 3196 infra
960 3130 1092 3195 eundem
1115 3127 1310 3213 quindenam
1333 3148 1390 3210 per

188 3233 337 3318 pecunias
358 3239 415 3301 aut
435 3237 572 3321 pignora
594 3237 694 3301 actori
717 3257 772 3300 111
795 3235 944 3301 creditori
966 3233 1149 3312 satisfaciat,
1177 3236 1232 3296 aut
1255 3253 1288 3296 se
1310 3230 1390 3294 ami-

189 3337 332 3404 cabiliter
353 3345 523 3426 componat
551 3363 624 3409 cum
646 3342 772 3418 eodem,
806 3340 947 3425 alioquin
971 3341 1201 3414 incarceretur,
1229 3355 1391 3420 quousque

189 3443 289 3508 actori
311 3465 365 3510 111
387 3445 535 3510 creditori
557 3446 700 3531 predicto
724 3445 817 3510 modo
840 3443 1177 3519 111111111111111111,
1200 3441 1250 3506 rel
1273 3440 1389 3506 distra-

189 3547 307 3614 hantur
329 3553 361 3615 et
382 3549 559 3614 vendantur
581 3551 648 3614 eius
671 3551 754 3615 bonu
776 3549 949 3615 secundum
971 3549 1031 3614 loci
1054 3546 1321 3614 consuetudinem.

596 3794 650 3859 De
674 3792 976 3858 intitulatura.

277 3967 356 4034 (lum
378 3990 469 4035 nemo
492 3969 732 4055 priuilegiorum
748 3969 906 4053 particeps
926 3967 987 4032 erit
1001 3965 1218 4032 vniuersitatis
1241 3964 1388 4042 cuiusuis,

189 4074 253 4138 nisi
275 4075 313 4139 de
336 4097 465 4140 numero
487 4075 529 4140 sit
551 4074 688 4140 eiusdem
720 4076 752 4138 et
775 4073 941 4138 matricula
962 4072 1181 4156 incorporatus
1204 4069 1313 4135 ordine
1336 4070 1389 4134 de·

189 4181 302 4263 putato
324 4178 531 4256 Quamobrem
555 4180 725 4245 statuimus
747 4177 836 4255 Quod
860 4179 965 4263 quiuis
987 4179 1093 4242 animo
1115 4176 1265 4262 flagranti
1287 4175 1389 4240 scien·

191 4283 253 4349 tias
276 4305 402 4369 carpere
432 4285 610 4350 desiderans
643 4290 675 4349 et
697 4285 855 4349 virtutum
883 4284 977 4348 buius
1000 4282 1096 4348 studii
1118 4303 1219 4348 mores
1241 4285 1274 4346 et
1295 4281 1335 4346 ob
1358 4280 1390 4345 id

188 4388 365 4474 priuilegiis
397 4391 479 4455 tueri
502 4390 639 4456 eiusdem
662 4389 844 4456 necessariis
867 4387 983 4454 Statim
1011 4391 1083 4471 post
1113 4387 1212 4473 ipsius
1234 4407 1389 4452 aocesurm

189 4492 350 4578 quietum,
380 4494 465 4562 infra
496 4499 603 4561 tameo
635 4516 776 4560 mensem
808 4496 988 4581 proximum
1019 4491 1390 4560 immatrieuletur
