3442 5314
364 459 405 522 50
717 457 741 510 8.
760 445 894 511 suune
912 473 977 512 vom
994 457 1020 510 9.
1040 455 1104 510 ost.
1126 455 1202 512 1477.

362 615 459 678 trium
481 607 669 677 facultatum
692 633 789 676 vnum
811 613 976 678 florenum.
1022 612 1065 678 Et
1094 615 1325 698 nequisquam
1351 613 1385 678 in
1408 613 1565 699 graduum

362 718 559 802 susceptione
582 717 817 802 quomodolibet
839 722 1003 802 grauetur,
1028 716 1172 782 volumus
1194 723 1226 782 et
1248 717 1428 794 statuimus,
1455 722 1491 780 vt
1513 739 1564 781 ar·

361 827 442 891 tium
464 823 679 900 baccalaurei,
713 822 806 886 sicuti
829 823 1035 906 premittitur,
1058 823 1133 887 fiseo
1156 823 1282 887 soluant
1304 827 1425 908 septem
1448 823 1565 888 solidos

361 931 527 1008 bullenses,
550 928 696 992 facultati
718 949 816 990 vnum
838 927 1000 1006 florenum,
1025 927 1172 991 similiter
1196 949 1292 992 vnum
1313 927 1466 992 florenum
1489 948 1564 1011 pro·

361 1037 494 1113 motori,
527 1035 642 1119 viginti
665 1033 780 1098 solidos
813 1031 972 1096 hallenses
996 1053 1054 1116 pro
1077 1031 1222 1117 expensis
1246 1029 1474 1110 communibus,
1496 1054 1564 1096 me·

362 1143 449 1206 dium
470 1140 625 1205 florenum
648 1158 706 1221 pro
729 1137 877 1222 expensis
900 1137 1073 1215 examinis,
1105 1137 1245 1222 quinque
1268 1136 1384 1202 solidos
1407 1135 1564 1201 hallenses

361 1241 485 1330 pedello
507 1239 540 1308 et
562 1243 648 1308 ultra
669 1242 727 1306 ille
757 1241 863 1306 minus
885 1242 1014 1327 maneri
1048 1242 1191 1307 debeant.
1237 1241 1319 1306 Item
1341 1241 1489 1327 magistri
1511 1263 1562 1306 ar·

361 1354 443 1417 tium
466 1356 498 1415 et
520 1349 717 1433 superiorum
745 1346 935 1412 facultatum
968 1347 1160 1412 baccalaurei
1188 1346 1318 1430 duplum
1342 1347 1468 1411 soluant
1489 1369 1561 1431 pre-

362 1449 538 1522 missorum.
585 1453 764 1518 Eorundem
787 1457 894 1518 autem
918 1455 1116 1541 superiorum
1140 1453 1328 1518 facultatum
1353 1452 1508 1518 licentiati
1531 1457 1563 1517 et

362 1564 503 1628 doctores
527 1561 674 1625 hincinde
706 1561 797 1624 iuxta
818 1581 947 1624 suarum
977 1559 1166 1624 facultatum
1194 1558 1409 1623 ordinationes
1431 1558 1508 1622 dent
1530 1563 1562 1622 et

362 1667 550 1751 expeudant.
610 1658 702 1730 Hanc
738 1665 880 1748 equidem
915 1665 1121 1748 pecuniarum
1153 1685 1308 1728 summam
1340 1663 1468 1728 Rectori
1503 1685 1561 1747 pro

362 1779 503 1856 tempore
526 1768 674 1835 existenti
704 1768 935 1854 presentabant
967 1771 1191 1832 conseruaturo
1213 1767 1414 1832 uniuersitati
1436 1771 1563 1832 tentum

363 1878 431 1940 sine
446 1873 699 1960 participatione.
739 1872 806 1938 Nec
827 1877 989 1957 promotor
1012 1873 1217 1957 promouendi
1240 1873 1424 1938 facultatem
1439 1871 1562 1951 habeat,

362 1981 425 2044 nisi
447 1980 571 2064 prefata
592 1979 725 2063 pecnnia
747 2001 766 2042 a
788 1978 941 2063 siugulis,
965 1983 1000 2042 vt
1022 1979 1228 2063 premittitur,
1253 1979 1350 2044 fuerit
1372 1983 1562 2063 presentata.

362 2085 501 2161 Quodsi
524 2086 645 2150 defecto
668 2088 858 2170 attemptare
881 2085 1120 2168 presumpserit,
1144 2085 1182 2148 de
1205 2084 1270 2148 suis
1291 2083 1412 2161 soluat,
1440 2084 1502 2148 nisi
1525 2084 1563 2148 de

232 2213 240 2232 ·
363 2196 396 2255 et
417 2211 510 2274 super
532 2212 568 2255 eo
591 2190 676 2254 clara
697 2193 866 2273 paupertas
889 2193 921 2253 ct
944 2194 1020 2254 nota
1035 2212 1128 2273 quem
1143 2191 1277 2268 excuset,
1302 2189 1334 2252 in
1352 2209 1444 2272 quem
1468 2211 1563 2253 euen-

363 2301 432 2360 tum
463 2296 639 2374 facultatis,
671 2295 705 2360 in
737 2317 800 2378 qua
832 2295 902 2378 quis
934 2294 1113 2378 promoueri
1136 2292 1309 2370 desiderat,
1340 2293 1477 2357 stabitur
1499 2295 1563 2358 dis-

362 2400 552 2483 pausationi.

594 2645 651 2711 De
673 2645 824 2712 officio
847 2645 1070 2712 Raetorum
1093 2645 1329 2711 Bursarum.

451 2818 584 2905 Insuper
607 2820 784 2898 statuimus
809 2821 891 2903 quod
909 2821 1043 2904 quilibet
1058 2821 1241 2886 intitulatus
1256 2825 1399 2908 receptus
1422 2823 1461 2887 ad
1484 2824 1561 2888 bur·
1589 2848 1595 2860 ·

364 2947 431 2988 sam
453 2925 502 2988 vel
525 2925 560 2988 in
583 2926 750 3010 collegium
773 2926 969 3009 recipiendus
1001 2930 1114 3009 sponte
1137 2927 1235 2992 libere
1257 2933 1289 2992 et
1311 2927 1424 2992 humili
1447 2929 1563 3012 spiritu

363 3031 562 3112 presentibus
596 3031 774 3095 bursalibus
808 3029 914 3115 palam
947 3035 978 3095 et
1012 3031 1136 3115 publice
1167 3033 1264 3097 talem
1297 3032 1394 3097 faciat
1428 3033 1562 3116 promis-

364 3155 506 3201 sionem:

462 3238 533 3322 Epo
565 3277 606 3285 —
627 3243 783 3322 promitto
813 3243 894 3306 torro
928 3241 994 3322 [ide
1027 3247 1138 3306 contro
1170 3243 1368 3324 Illupistrnnr
1400 3243 1566 3308 Rectorem

364 3343 459 3409 terrac
481 3365 543 3408 non
567 3347 745 3429 instirpare,
772 3348 843 3410 eins
858 3345 1117 3424 irrsbrmntr'oncnr
1132 3351 1161 3410 et
1177 3347 1383 3410 clr'rcetionenr
1401 3349 1566 3427 patienter

364 3451 495 3528 andire,
529 3451 639 3514 nullos
672 3453 929 3531 conspirationes
964 3456 1020 3515 aaa
1052 3451 1136 3533 liqna
1165 3456 1276 3516 contro
1303 3453 1411 3532 ipsam
1448 3459 1504 3516 unt
1529 3455 1564 3518 in

361 3554 579 3635 preindicinnr
608 3555 833 3620 cratere-rsifotis
865 3553 972 3632 facere
1005 3561 1062 3620 ant
1092 3557 1227 3622 scienter
1251 3557 1304 3620 leis
1328 3557 1491 3636 faciendis
1513 3559 1565 3622 in-

364 3663 491 3724 teresse.

452 3763 534 3828 Item
555 3765 696 3830 bursales
719 3765 834 3830 debent
856 3765 1043 3850 simpliciter
1064 3766 1191 3830 subesse
1207 3769 1239 3829 et
1255 3766 1393 3832 debitam
1416 3787 1564 3830 reueren-

364 3871 442 3934 tiam
467 3869 596 3935 Bectori
619 3871 712 3934 burso
739 3869 885 3935 exhibere
915 3891 951 3934 ac
974 3871 1073 3934 eidem
1098 3871 1132 3934 in
1156 3869 1217 3934 hiis
1244 3893 1362 3956 parere,
1386 3891 1448 3954 que
1470 3870 1567 3934 burae

364 3980 558 4041 concernunt
580 3976 759 4040 utilitatem.

451 4081 533 4145 Item
556 4080 663 4145 nullus
686 4082 821 4146 bursalis
843 4106 921 4146 ausu
942 4083 1109 4147 temerario
1125 4103 1194 4146 cum
1219 4103 1275 4147 suo
1297 4079 1467 4146 contendat
1484 4079 1565 4144 Rec-

365 4193 432 4252 tore
455 4185 629 4250 bursalium
652 4187 792 4252 conuitia
814 4188 897 4252 dicat
921 4189 970 4252 vel
992 4188 1055 4252 alia
1077 4191 1225 4286 promat,
1249 4187 1363 4271 quibus
1388 4186 1493 4270 ipsum
1516 4185 1565 4249 of-

365 4293 472 4357 fendat
496 4294 564 4369 ,sub
587 4314 669 4376 pena
691 4292 785 4358 medii
808 4293 920 4358 floreni
934 4293 1010 4358 fiseo
1026 4293 1289 4358 irremissibiliter
1305 4290 1458 4368 soluendi,
1483 4313 1564 4374 quo-

364 4401 447 4464 tiens
469 4399 610 4481 presenti
632 4399 867 4463 contrauenerit
887 4402 1017 4462 statuto.

453 4502 553 4568 Bursa
576 4505 682 4588 itaque
697 4504 800 4568 claudi
816 4503 932 4568 debent
953 4525 1028 4568 mox
1051 4508 1124 4589 post
1145 4523 1330 4589 campanam
1354 4503 1407 4569 die
1430 4501 1561 4570 Waetr-
