3460 5314
326 472 389 535 308
787 463 916 520 Facultas
935 461 1049 518 Medica.

413 625 554 691 Tandem
577 623 745 688 statuimus
768 623 852 707 quod
874 621 1101 687 Baccalaureus
1125 620 1278 687 medicine
1300 623 1427 689 Rectori
1449 623 1522 688 vni-

326 731 486 798 uersitatis
509 729 612 795 soluat
633 726 699 792 VII
721 727 835 793 solidos
857 727 974 792 hallen.
1000 726 1145 792 facultati
1169 749 1267 792 vnum
1289 728 1446 794 florenum
1469 750 1521 792 re-

325 859 454 902 nensem
485 858 557 901 cum
588 833 719 899 dimidio
749 831 791 896 Et
813 831 944 897 cuilibet
974 832 1225 896 examinatorum
1248 855 1345 898 vnum
1366 833 1522 898 florenum

326 942 452 1009 Pedello
481 963 554 1006 vero
585 943 705 1024 septem
734 939 849 1004 solidos
881 937 997 1002 hellen.
1040 937 1275 1021 Prandiumque
1298 939 1403 1022 parari
1424 939 1523 1004 faciat

325 1049 444 1126 taliter,
468 1047 551 1132 quod
574 1046 639 1111 eius
662 1044 823 1110 occasione
839 1043 986 1108 omnibus
1002 1043 1190 1126 computatis
1213 1043 1356 1129 patiatur
1369 1065 1522 1130 expensas

328 1153 433 1219 decem
455 1153 644 1218 florenorum
668 1153 794 1215 tantum
816 1146 889 1213 Nisi
910 1151 1023 1235 sponte
1045 1148 1197 1233 ampliare
1218 1149 1362 1214 voluerit.

417 1259 551 1344 Insuper
572 1279 706 1343 expense
727 1278 785 1343 pro
808 1255 940 1321 Rectore
968 1258 1000 1319 et
1029 1255 1103 1318 fisco
1125 1254 1341 1320 uniuersitatis
1364 1254 1445 1320 solui
1467 1255 1522 1318 de·

329 1365 449 1430 bebunt
471 1365 560 1429 iuxta
580 1361 707 1428 Statuta
728 1360 943 1426 uniuersitatis
965 1363 1001 1423 vt
1033 1363 1111 1443 puta
1134 1359 1281 1425 dimidius
1302 1360 1438 1426 florenus
1462 1381 1521 1444 pro

327 1468 459 1535 Rectore
493 1471 525 1533 et
556 1489 635 1532 vnus
658 1466 794 1532 florenus
827 1486 884 1550 pro
913 1465 987 1529 fisco
1019 1465 1232 1530 uniuersitatis
1255 1463 1298 1529 Et
1330 1468 1438 1549 postea
1460 1485 1520 1550 pro

326 1574 488 1639 doctoratu
511 1573 558 1636 nil
580 1571 703 1636 horum.

411 1678 491 1744 Item
523 1675 732 1742 licentiandus
761 1674 882 1760 pedello
905 1674 979 1739 dare
1001 1678 1126 1740 tenetur
1149 1697 1246 1738 vnum
1267 1674 1438 1752 florenum,
1471 1675 1517 1739 si·

327 1784 446 1850 militer
468 1781 675 1848 doctorandus
698 1800 846 1844 seorsum.
893 1778 981 1855 Quod
1005 1780 1032 1844 si
1046 1778 1141 1844 simul
1155 1779 1316 1844 licentiam
1332 1781 1464 1864 recipiat
1487 1784 1522 1844 et

324 1890 480 1975 insignia,
496 1887 616 1973 pedello
640 1888 777 1970 exponat
798 1884 875 1949 duos
896 1884 1030 1949 florenos
1054 1882 1191 1948 Cuilibet
1206 1882 1335 1949 Doctori
1357 1885 1520 1950 facultatis

325 2017 382 2080 pro
405 1994 530 2080 priuato
553 1991 696 2056 examine
724 2012 821 2055 vnum
844 1991 1014 2070 florenum,
1043 1988 1196 2055 Similiter
1218 2012 1275 2074 pro
1298 1990 1423 2074 publico
1446 2013 1527 2072 exa-¹

325 2101 410 2164 mine
433 2121 530 2162 vnum
552 2095 707 2161 florenum
729 2094 763 2160 Si
792 2096 950 2161 intersint.
996 2095 1077 2160 Item
1106 2096 1279 2179 promotori
1303 2100 1438 2180 quatuor
1459 2095 1523 2160 flo-

326 2227 418 2270 renos
440 2204 480 2270 ad
501 2201 686 2268 kathedram
710 2198 743 2264 Si
757 2201 852 2266 simul
867 2201 1029 2266 licentiam
1043 2205 1076 2266 et
1091 2201 1230 2287 insignia
1244 2200 1385 2286 recipiat.
1425 2201 1517 2277 Quod

325 2309 352 2373 si
381 2331 521 2376 scorsum
551 2307 620 2392 quis
652 2306 813 2371 licentiam
840 2307 989 2391 recipiat,
1021 2306 1195 2392 promotori
1226 2311 1290 2371 tres
1318 2306 1453 2372 florenos
1484 2311 1519 2370 et

326 2417 435 2499 postca
457 2435 515 2498 pro
538 2412 702 2476 doctoratu
725 2411 801 2476 duos
815 2411 948 2478 florenos
970 2417 1100 2497 propter
1115 2411 1255 2498 duplices
1269 2411 1391 2477 labores
1414 2412 1523 2476 tradat

328 2524 359 2583 et
381 2519 522 2604 assignet
540 2518 559 2581 ¹.
606 2517 752 2582 Preterea
775 2518 927 2603 recipiens
957 2517 1117 2583 licentiam
1147 2539 1286 2583 seorsum
1317 2517 1521 2582 collationem

323 2623 412 2688 dabit
434 2624 585 2689 hactenus
608 2627 795 2687 consuetam.
842 2622 903 2688 Pro
925 2624 999 2689 fisco
1015 2623 1176 2689 facultatis
1198 2627 1263 2688 tres
1276 2623 1419 2688 florenos.
1454 2622 1520 2688 Re-

323 2728 443 2814 cipiens
465 2733 570 2794 autem
593 2729 733 2814 insignia
754 2728 827 2793 dare
849 2728 1009 2793 tenebitur
1031 2729 1210 2814 prandium,
1233 2729 1351 2795 birreta
1373 2732 1405 2795 et
1428 2751 1520 2813 cyro·

327 2834 444 2911 thecas,
468 2837 562 2918 prout
584 2833 617 2897 in
641 2833 712 2898 aliis
735 2833 947 2917 superioribus
969 2833 1173 2898 facultatibus
1195 2833 1263 2898 fleri
1286 2833 1458 2897 consueuit.

330 3001 332 3008 .
410 2937 499 3014 Quod
522 2939 549 3003 si
571 2960 712 3004 scorsum
734 2938 805 3022 quis
827 2939 958 3024 recipiat
980 2939 1140 3004 licentiam
1158 2939 1201 3003 ad
1223 2939 1333 3002 fiscum
1355 2938 1518 3003 facultatis

323 3041 400 3108 duos
424 3043 567 3122 florenos,
592 3044 703 3109 deinde
725 3045 760 3109 in
783 3044 946 3110 doctoratu
967 3068 1064 3110 vnum
1084 3046 1237 3110 florenum
1259 3044 1371 3108 soluat.
1417 3043 1450 3109 Si
1472 3045 1519 3108 si-

322 3149 390 3213 mul
412 3133 573 3214 licentiam
596 3149 728 3234 recipiat
760 3154 792 3214 ct
814 3150 953 3236 insignia
984 3150 1072 3215 dabit
1094 3154 1158 3214 tres
1179 3150 1314 3214 florenos
1336 3171 1394 3233 pro
1416 3149 1518 3212 facul·

321 3254 396 3319 tatis
419 3254 503 3319 fisco.
549 3253 684 3319 Domum
708 3275 765 3339 pro
788 3255 917 3320 licentia
947 3255 1050 3320 danda
1071 3255 1208 3321 Domino
1230 3254 1423 3320 Cancellario
1447 3253 1520 3317 vni-

325 3359 484 3425 uersitatis
511 3382 590 3424 vnus
612 3359 747 3423 florenus
770 3363 818 3424 est
840 3361 1041 3445 exponendus
1063 3383 1119 3446 per
1142 3361 1301 3427 licentiam
1324 3363 1494 3444 petentem.

407 3465 500 3531 Juret
521 3464 744 3529 nichilominus
775 3465 983 3530 licentiandus
1012 3466 1226 3531 iuramentum
1258 3469 1441 3530 consuetum
1463 3489 1519 3530 su·

320 3571 479 3655 periurum
501 3569 709 3648 facultatum,
739 3570 905 3656 presertim
935 3571 1017 3656 quod
1040 3573 1074 3635 in
1106 3571 1194 3636 nulla
1222 3571 1284 3635 alia
1305 3571 1516 3636 uniuersitatis

323 3674 461 3760 insignia
482 3673 619 3758 recipere
641 3675 727 3738 velit.

406 3779 474 3845 Hec
496 3779 615 3845 etenim
638 3782 759 3844 statuta
781 3801 838 3864 per
859 3780 976 3844 almam
1006 3780 1243 3845 uniuersitatem
1265 3781 1363 3845 studii
1385 3780 1517 3846 Tuwin-

319 3885 425 3971 gensis
458 3907 513 3950 scu
543 3886 674 3950 eandem
703 3889 956 3969 representantes
979 3886 1080 3950 denuo
1109 3887 1284 3971 approbata
1306 3892 1337 3950 et
1359 3886 1519 3951 ratificata

319 3995 393 4055 sunt
416 3991 450 4055 in
473 3992 585 4076 vigilia
607 3991 831 4077 assumptionis
853 3991 1039 4057 Beatissimo
1054 3989 1198 4076 Virginis
1213 3989 1315 4056 Mario
1337 3989 1431 4056 Anno
1446 3990 1517 4056 Sal-

323 4097 441 4162 uatoris
467 4101 560 4162 1497.

736 4202 963 4288 Gregorius
978 4203 1075 4288 Maij
1099 4202 1261 4288 Imperiali
1286 4202 1473 4272 auctoritate

737 4308 881 4392 publicus
897 4311 929 4372 et
940 4310 1156 4374 uniuersitatis
1169 4309 1321 4376 Notarius
1338 4308 1471 4372 iuratus.

317 4463 524 4475 ----....

389 4532 401 4584 1
421 4533 545 4600 spfltercr
563 4531 674 4586 Zusatz:
706 4534 776 4587 Item
795 4533 950 4603 presidenti
971 4555 1056 4590 vnum
1074 4537 1215 4596 florenum.
