3442 5314
334 415 376 480 46
683 414 709 468 8.
726 412 859 469 Stututon
879 430 941 468 vem
960 413 985 468 9.
1004 413 1068 470 Okt.
1090 417 1166 472 1472.

334 573 504 639 secuudum
527 572 719 659 exigentiam
735 571 866 658 negotii,
891 576 923 638 et
939 595 1033 658 quern
1049 573 1149 639 maior
1165 596 1238 659 pars
1261 576 1300 640 cd
1316 575 1376 642 hoc
1390 576 1534 664 elegerit,

333 680 377 744 sit
399 699 578 763 proponens
602 677 659 742 sub
683 699 766 762 pene
789 698 845 762 per
867 677 1108 744 uniuersitatem
1132 679 1314 764 infligenda

421 783 614 862 Statuimus,
638 783 734 848 etiam
758 782 843 866 quod
865 782 953 847 nulle
975 783 1082 848 littere
1105 784 1286 869 sigillentur
1309 788 1463 854 maiori
1486 790 1538 854 si·

334 890 442 976 gillo
464 887 681 954 uniuersitatis
704 887 772 952 sine
795 887 1019 954 deliberatione
1049 890 1187 954 eiusdem
1211 892 1320 974 preuia
1342 897 1374 958 et
1396 895 1538 958 arinate-

336 1020 405 1062 rum
431 995 639 1069 correctione,
672 1015 733 1077 que
761 993 883 1058 minute
916 993 955 1077 (si
978 995 1136 1061 videbitur
1158 995 1317 1080 expedire)
1347 998 1379 1062 in
1410 1000 1537 1066 maharu

335 1103 529 1188 reponantur
551 1099 778 1164 uniuersitatis.

422 1209 543 1274 Rursus
559 1205 676 1270 Rector
698 1203 805 1269 audiat
822 1203 996 1288 quemlibet
1020 1204 1054 1268 in
1077 1205 1211 1271 consilio
1235 1207 1404 1293 diligenter
1426 1208 1460 1274 in
1486 1230 1538 1272 or-

335 1315 409 1380 dine
432 1334 488 1378 suo
503 1311 577 1376 Nou
601 1309 791 1394 permittens
815 1309 900 1393 quod
924 1331 1002 1374 vnus
1026 1310 1124 1374 alium
1145 1311 1180 1376 in
1203 1311 1359 1396 loquendo
1376 1313 1538 1396 impediat,

341 1425 375 1486 et
399 1417 560 1484 silentium
591 1417 753 1501 imponere
780 1414 895 1480 habeat
916 1414 990 1481 Non
1015 1415 1211 1482 obedientem
1240 1439 1321 1502 pene
1352 1440 1446 1503 quam
1469 1419 1540 1483 vni-

337 1525 471 1592 uersitas
494 1521 671 1588 iniunxerit
693 1523 726 1586 et
746 1521 936 1606 proteruitas
953 1523 1104 1588 meruerit
1119 1523 1329 1588 inobedientis
1345 1524 1537 1589 subiciendo.

379 1640 392 1706 f
424 1627 507 1694 Item
536 1628 571 1692 in
593 1625 735 1690 consiliis
764 1626 871 1692 nullus
896 1626 980 1692 dicat
1001 1628 1094 1692 alteri
1117 1629 1292 1693 conuitium
1313 1629 1423 1715 turpia
1444 1629 1538 1696 inho-

335 1739 434 1812 nesta,
457 1755 513 1800 seu
535 1729 700 1796 alicunde
723 1731 938 1796 verisimiliter
959 1730 1158 1815 displicentis
1181 1733 1250 1798 rixe
1273 1737 1305 1798 et
1328 1735 1396 1800 odia
1422 1733 1540 1800 directe

336 1842 390 1929 vel
414 1838 567 1904 indirecte
599 1835 741 1920 poterint
770 1836 916 1900 suscitari
939 1835 1140 1902 Contrarium
1169 1837 1322 1904 facientes
1352 1862 1372 1904 a
1404 1840 1539 1905 consilio

338 1943 554 2012 uniuersitatis
578 1945 650 2006 actu
673 1942 739 2006 sint
769 1941 911 2025 suspensi
934 1946 966 2007 et
988 1942 1026 2006 de
1048 1948 1151 2010 cetero
1172 1944 1213 2008 ad
1241 1943 1375 2010 consilia
1397 1967 1460 2010 non
1483 1965 1539 2008 vo-

337 2051 441 2127 candi,
464 2049 563 2113 donec
585 2046 750 2111 emendam
783 2046 915 2112 fecerint
938 2048 1139 2114 vniuersitari
1172 2049 1381 2116 sufficientem
1404 2049 1541 2134 Ideoque

334 2157 453 2225 Rector
477 2173 540 2218 non
566 2151 689 2217 vocabit
712 2152 807 2218 talem
833 2175 890 2237 per
913 2153 1070 2237 pedellum
1095 2155 1132 2220 ad
1157 2156 1325 2222 consilium
1350 2155 1540 2222 uniuersita-

335 2263 387 2342 tis,
411 2259 583 2326 secundum
608 2261 749 2322 tenorem
771 2258 888 2323 statuti
911 2260 1081 2342 sequentis,

423 2364 507 2430 Item
519 2363 634 2429 Rector
656 2363 872 2430 uniuersitatis
888 2365 1171 2451 interrogationem
1192 2387 1257 2432 non
1272 2365 1372 2432 faciat
1385 2387 1443 2430 nec
1465 2386 1540 2430 con-

335 2471 408 2538 silia
430 2469 582 2545 celebret,
613 2488 669 2551 per
704 2491 798 2553 quam
827 2473 883 2534 aut
913 2492 973 2555 que
1004 2474 1093 2536 actus
1115 2471 1271 2536 scolastici
1293 2469 1468 2536 Doctorum
1489 2471 1540 2536 uel

336 2577 565 2662 Magistrorum
587 2572 801 2657 impediantur
817 2572 889 2638 Nisi
912 2575 1079 2640 necessitas
1094 2576 1143 2640 rel
1166 2575 1295 2640 euidens
1311 2575 1435 2640 utilitas
1459 2575 1539 2640 illud

336 2685 485 2766 exposcat
507 2679 613 2743 Etiam
646 2678 800 2742 duntaxat
822 2676 895 2743 illos
918 2683 1086 2758 conuocet,
1118 2701 1253 2763 quorum
1275 2679 1409 2744 interest
1431 2680 1540 2745 adosse

336 2787 507 2853 secundum
529 2787 651 2848 statuta
673 2783 890 2848 uniuersitatis
904 2781 947 2847 Et
968 2805 1078 2848 omnes
1093 2784 1132 2848 ad
1147 2784 1316 2850 consilium
1337 2785 1535 2870 pertinentes

336 2917 393 2978 per
425 2889 563 2976 pedellos
595 2888 700 2954 vocari
730 2889 884 2974 precipiet
915 2888 1059 2954 Exclusis
1093 2893 1125 2953 et
1158 2912 1178 2953 a
1210 2889 1341 2955 consilio
1375 2889 1536 2974 suspensis

337 2995 555 3083 pretermissis.
602 2983 686 3058 Nam
709 2995 861 3078 quidquid
877 2993 942 3060 illis
959 2995 1157 3079 presentibus
1174 2995 1374 3061 ordinaretur
1396 2994 1446 3060 vel
1462 3016 1538 3059 con-

336 3103 525 3180 cluderetur,
550 3099 678 3164 irritum
702 3098 744 3162 sit
766 3098 949 3184 nulliusque
971 3099 1093 3165 roboris
1114 3100 1164 3164 rel
1188 3101 1351 3165 momenti.

424 3205 599 3272 Statuimus
623 3205 770 3287 insuper,
804 3205 886 3288 quod
910 3205 1123 3290 cuiuscunque
1147 3227 1239 3272 cause
1262 3207 1296 3270 in
1318 3207 1451 3272 consilio
1474 3229 1541 3272 ma-

337 3315 477 3391 sticetur,
501 3311 528 3376 is
552 3311 650 3390 cedat,
678 3310 776 3374 donec
792 3310 878 3374 illias
901 3333 993 3376 cause
1009 3311 1246 3376 circumstantie
1269 3311 1481 3376 discutiantur
1504 3309 1541 3375 In

335 3439 398 3502 quo
422 3438 495 3482 casu
517 3417 555 3480 de
579 3415 711 3480 oonsilio
737 3417 841 3480 senior
859 3418 909 3481 vel
925 3417 1036 3482 ordine
1051 3417 1139 3502 prior
1162 3417 1302 3484 absentis
1325 3417 1424 3481 vicem
1440 3421 1541 3502 gerat.

424 3522 507 3586 Item
522 3520 701 3599 statuimus,
725 3521 809 3603 quod
826 3519 942 3587 Rector
965 3521 1051 3586 inira
1065 3522 1183 3586 mensis
1198 3521 1339 3606 spatium
1355 3525 1427 3605 post
1449 3543 1540 3584 msam

336 3627 522 3693 electionem
545 3629 601 3690 aut
624 3647 718 3707 quam
741 3625 881 3709 primum
905 3627 1067 3694 commode
1090 3627 1218 3711 poterit,
1246 3649 1309 3692 vna
1330 3648 1401 3692 cum
1426 3626 1544 3692 decano

335 3731 498 3798 facultatis
522 3731 639 3796 artium
662 3731 712 3794 vel
736 3731 859 3796 duobus
882 3733 1059 3799 senioribus
1082 3731 1248 3819 Magistris
1280 3731 1420 3796 eiusdem
1442 3731 1542 3795 facul·

336 3838 422 3918 tatm,
446 3857 554 3902 omncs
576 3839 609 3900 et
631 3835 772 3921 singulas
796 3837 943 3904 bursas
969 3838 1108 3924 predicte
1132 3837 1292 3902 facultatis
1316 3836 1482 3914 visitabit,
1507 3857 1543 3900 ac

337 3965 443 4008 coram
464 3943 631 4008 bursarum
654 3942 830 4008 rectoribus
853 3948 885 4008 et
900 3945 1072 4010 scolaribus
1096 3944 1266 4008 eorundem
1289 3945 1411 4008 statuta
1433 3945 1543 4006 nostre

336 4047 553 4114 uniuersitatis
576 4046 634 4110 sub
656 4048 782 4114 rubrica
811 4049 849 4114 de
871 4049 976 4115 officio
1008 4055 1165 4116 rectorum
1195 4049 1362 4114 bursarum
1386 4046 1544 4130 descripta

336 4153 462 4237 publice
483 4152 547 4237 legi
569 4150 667 4216 faciat
688 4150 731 4215 Et
753 4152 792 4216 ab
821 4153 939 4218 eisdem
962 4176 1019 4239 per
1041 4176 1154 4218 eorum
1177 4153 1273 4218 fidem
1296 4151 1467 4236 diligenter
1490 4151 1540 4214 in·

337 4259 461 4342 quirat,
492 4280 532 4321 an
562 4257 743 4322 huiusmodi
773 4261 894 4322 statuta
926 4259 1043 4324 ibidem
1073 4259 1292 4322 obseruentur.
1339 4254 1429 4332 Quod
1459 4255 1545 4320 siin

337 4363 444 4446 aliquo
467 4361 623 4426 defectum
654 4367 709 4426 aut
731 4365 964 4448 negligentiam
993 4364 1061 4429 fore
1084 4365 1262 4449 comperiat
1292 4363 1378 4428 Illud
1410 4362 1546 4428 sollicite

337 4468 502 4534 emendare
526 4471 557 4530 et
579 4467 737 4552 corrigere
759 4489 918 4552 penesque
941 4468 974 4532 in
998 4469 1113 4534 endem
1136 4469 1268 4534 statutis
1292 4473 1457 4534 contentam
1478 4466 1546 4530 exi-
