3462 5314
716 491 800 553 1668·

152 658 203 719 48.
227 653 380 719 Euharius
404 652 542 718 Sertorie
566 654 603 719 de
628 652 820 739 Gfleelingen
845 658 885 717 21
910 652 987 737 Apr.

152 764 203 824 49.
227 760 351 825 Jeorius
373 760 483 825 Mdseh
505 760 543 825 de
564 759 713 846 Augusta
736 759 914 844 penultima
937 759 1014 843 Apr.

152 867 202 928 50.
227 862 390 929 Johannes
413 863 575 950 Sehopper
600 864 638 928 de
660 862 837 948 Seclringen
861 863 890 928 S.
916 862 1017 927 Marci
1038 884 1085 927 ev.

153 972 202 1032 51.
226 967 363 1035 Thomas
386 970 519 1056 Hunger
542 971 580 1034 de
601 968 716 1035 sussen
746 969 861 1034 eodem.

154 1076 204 1136 52.
229 1072 301 1138 Joh.
326 1074 445 1162 Sahopt
468 1075 506 1140 de
528 1073 714 1159 seckingen.

242 1232 282 1297 A.
300 1233 339 1298 D.
362 1238 445 1300 1503
470 1235 529 1300 sub
552 1234 806 1318 prestantissimo
828 1233 896 1298 viro
919 1231 1026 1297 Pareo
1052 1229 1165 1294 Beona
1192 1225 1353 1312 preposito

156 1335 195 1400 ad
219 1335 249 1400 S.
273 1336 403 1402 Petrum
441 1340 475 1404 in
507 1338 595 1404 Silua
625 1361 649 1402 a.
695 1338 839 1423 heologie
873 1337 1038 1402 licentiata
1068 1335 1152 1400 vniu.
1184 1335 1304 1397 rectore
1334 1352 1354 1394 a

155 1438 236 1505 festo
259 1440 341 1506 Phil.
367 1446 400 1508 et
420 1442 487 1509 Jac.
512 1467 583 1530 epp.
608 1445 684 1510 anni
707 1443 845 1509 eiusdem
873 1443 1030 1527 usquead
1053 1441 1168 1508 festum
1192 1437 1274 1504 Luae
1296 1433 1352 1499 Ev.

153 1545 309 1611 intitulati
333 1554 409 1614 sunt
432 1553 607 1634 sequentes.

603 1705 641 1770 ln
666 1727 771 1771 menae
793 1706 897 1793 MayO.

180 1811 210 1870 1.
234 1808 353 1874 Michel
375 1810 513 1875 Einhart
534 1811 572 1876 de
593 1809 700 1875 Vraeh
724 1815 753 1875 5.

178 1915 207 1975 2.
234 1912 373 1999 (Frater)
399 1913 576 1981 Achathius
598 1915 817 2002 Linclrehager
840 1913 1031 1980 1113111110
1054 1914 1138 1977 bace.
1162 1908 1297 1975 heidelb.
1323 1914 1352 1973 6.

178 2023 206 2081 3.
231 2017 473 2084 Bartholomeue
495 2019 617 2085 Deeker
640 2021 678 2086 de
693 2020 791 2107 Wyla
813 2020 943 2086 ciuitate
962 2023 1011 2084 18.
1036 2017 1121 2082 dedit
1141 2022 1154 2079 1
1174 2039 1197 2079 s.
1223 2036 1351 2099 pauper.

177 2129 205 2185 4.
231 2121 431 2189 Eberhardus
454 2124 546 2190 Hom
569 2125 607 2190 de
629 2125 798 2211 Stagardia
822 2130 872 2190 23.

179 2231 208 2292 5.
232 2226 369 2293 Jaeobus
391 2229 598 2296 Loberschoff
617 2230 655 2294 de
676 2230 774 2296 Vlma
795 2232 881 2296 baec.
905 2227 1071 2294 wienensie
1095 2231 1146 2292 30.

178 2336 206 2396 6.
230 2330 370 2399 Joannes
394 2335 432 2400 de
455 2320 602 2421 llrnberg
624 2335 739 2400 nobilis
763 2339 813 2399 30.

176 2441 204 2500 7.
230 2436 310 2502 Item
334 2437 490 2504 Amestus
513 2440 610 2506 Bauff
629 2441 667 2505 de
691 2441 862 2526 Bedenlrap
884 2441 1021 2506 famulus
1042 2461 1080 2504 ex
1103 2437 1220 2503 Hassia
1243 2443 1258 2501 1
1284 2459 1308 2500 s.

667 2545 706 2609 In
728 2545 835 2611 Junio.

179 2651 208 2711 8.
235 2646 438 2714 Bernhardus
461 2648 647 2737 Goldslager
670 2652 707 2716 de
734 2650 830 2716 Vlma
854 2657 882 2716 3.

177 2757 206 2816 9.
230 2751 368 2820 Jacobus
390 2755 499 2820 Mantz
521 2758 558 2822 de
581 2758 707 2842 'lurego
732 2762 760 2822 9.

160 2861 209 2921 10.
233 2857 398 2926 Rulandus
420 2860 510 2946 (Zeg)
536 2863 574 2933 de
598 2863 747 2949 Thurego
771 2867 800 2927 9.
828 2867 842 2926 1
868 2884 893 2928 s,
918 2883 1045 2946 pauper.

158 2966 205 3024 11.
229 2959 366 3027 Jacobue
390 2963 504 3029 Herlin
527 2968 565 3030 de
588 2966 712 3053 Turego
738 2973 767 3032 9.
795 2972 809 3031 1
835 2991 859 3032 s.
884 2988 1012 3052 pauper.

156 3069 203 3129 12.
228 3064 366 3132 Joannee
390 3067 518 3147 Garum,
1006 3083 1012 3094 “

158 3175 205 3234 13.
230 3169 355 3237 Jeorius
380 3172 496 3240 Garum
519 3175 556 3240 de
579 3173 771 3262 Gretzingen
796 3181 845 3240 12.

157 3278 204 3339 14.
230 3273 322 3340 Oonr.
347 3275 424 3342 Kull
447 3279 484 3344 de
507 3277 664 3366 Balingen
692 3287 706 3345 1
732 3303 756 3344 s.
784 3302 905 3365 pauper
928 3280 1065 3344 famulus
1087 3279 1181 3343 burse
1206 3283 1254 3342 12.

155 3385 204 3444 15.
228 3379 444 3452 Sunrarrruus
465 3384 574 3450 Larua
597 3386 634 3451 de
659 3387 826 3471 Balingen.

673 3489 712 3555 In
737 3491 833 3556 Julio.

157 3594 206 3654 16.
231 3588 432 3656 Bernhardue
454 3592 585 3677 Nitpper
608 3593 645 3660 de
670 3594 740 3659 Kur
764 3600 793 3659 5.

157 3699 207 3760 17.
231 3694 371 3761 Joannes
393 3697 498 3764 Daehs
521 3699 559 3764 de
582 3699 769 3765 Donesdorll
793 3704 821 3765 6.

157 3804 205 3864 18.
230 3799 354 3865 Jeorius
377 3801 415 3866 de
438 3802 528 3869 Auen
554 3810 581 3869 7.
813 3845 819 3850 ·

156 3908 205 3968 19.
229 3904 342 3972 Petrus
365 3905 502 3973 Hamma
525 3910 563 3974 da
585 3909 759 3994 Fridingen
785 3915 813 3973 7.

154 4014 204 4074 20.
229 4008 367 4075 Joannes
389 4010 525 4077 Sertoris
547 4014 585 4077 de
607 4012 764 4078 Monacho
789 4019 829 4077 24
854 4015 942 4078 dedit
966 4019 980 4077 1
1008 4038 1033 4080 a.
1057 4038 1184 4100 pauper.

155 4117 205 4178 21.
230 4112 369 4179 Joannes
393 4115 569 4180 Mflsehelin
593 4117 632 4181 de
656 4116 828 4202 Hornberg
851 4117 963 4181 ultime
986 4119 1036 4182 die
1054 4117 1143 4203 Julij.

221 4358 262 4412 49.
283 4360 485 4415 Sohmdaeh
504 4360 570 4415 Mra.
590 4391 623 4401 -
643 4363 666 4416 1.
685 4361 721 4414 Μ.
736 4363 765 4416 Α.
787 4363 862 4416 1506.
883 4393 915 4402 -
936 4364 960 4415 2.
983 4361 1063 4416 1111.
1080 4363 1154 4417 1503.
1181 4392 1206 4401 -
1227 4365 1250 4417 5.
1272 4361 1352 4416 Μ.Α.

155 4447 230 4502 1503.
250 4477 282 4485 -
301 4449 326 4501 6.
342 4447 491 4519 Erberg
510 4448 611 4504 nobilia
630 4451 660 4504 et
678 4449 833 4506 canonieus.
853 4479 884 4488 —
906 4449 947 4502 ll.
968 4467 1001 4503 ex
1017 4449 1171 4520 Tilwingen
1190 4450 1256 4505 Mfa.
1276 4449 1354 4504 zwai·
1443 4485 1447 4494 -

152 4534 220 4589 mal.
255 4535 344 4591 111.
366 4537 441 4591 1507.
461 4565 492 4575 —
514 4539 555 4592 15.
576 4537 614 4592 Μ.
633 4538 665 4593 Α.
687 4540 762 4594 1506.
799 4537 971 4608 collegiatus
991 4539 1067 4594 1509.
