3320 5308
368 487 432 552 624
931 485 1013 543 1531.

368 648 418 710 28.
443 645 636 711 Wilibaldus
660 642 750 709 Blest
775 649 804 708 9.

368 756 418 816 29.
442 749 552 816 Helias
575 749 791 815 Walderstain
815 749 853 812 de
875 747 1023 834 Augusia
1048 755 1097 815 10.

370 860 420 919 30.
445 854 564 920 Paulus
588 853 793 918 Goldsbainer
817 854 854 918 (16
877 853 1050 941 Ebrangen
1078 863 1127 922 10.

366 965 417 1025 31.
441 960 626 1026 Anthonius
652 958 748 1024 Fabri
772 960 810 1024 de
834 959 989 1046 Wylhain
1015 967 1064 1025 12.
1091 969 1105 1026 1
1132 984 1156 1026 s.

367 1070 417 1130 32.
443 1065 582 1130 Joannes
605 1064 786 1129 Ludouious
809 1063 1023 1150 Gayssberger
1047 1064 1098 1148 (ex
1121 1065 1329 1152 Sehomdori)
1356 1071 1405 1130 13.

371 1176 421 1236 33.
445 1170 559 1236 Petrus
582 1171 691 1235 Bidler
713 1170 884 1235 Wenensis
911 1177 958 1236 15.

371 1279 422 1340 34.
447 1275 610 1341 Johannes
633 1274 778 1339 Lominit
801 1275 839 1340 de
861 1274 1078 1362 Fursbenberg
1103 1282 1152 1342 15.
1179 1281 1193 1340 1
1220 1299 1244 1341 s.

367 1378 418 1444 35.
442 1380 579 1445 Michael
601 1380 788 1445 Franciaous
812 1380 885 1465 Epp
909 1381 948 1446 de
970 1380 1135 1468 Biettigka
1156 1383 1242 1447 baoo.
1266 1380 1441 1446 Wenensis
1472 1387 1529 1446 18.

369 1488 419 1548 36.
443 1483 645 1550 Burehardus
669 1485 756 1549 Garb
780 1485 818 1550 de
841 1485 932 1550 Horb
958 1491 1006 1552 18.

373 1594 425 1654 37.
450 1589 652 1655 Bernhardus
676 1589 774 1676 Mueg
797 1589 898 1676 (Mys)
921 1591 960 1656 de
981 1591 1171 1677 Riedlingen
1196 1595 1247 1656 27.

879 1712 1056 1781 Deoernbri.

372 1842 422 1903 38.
447 1837 586 1902 ι1666666
604 1835 835 1902 Siedenbender
848 1838 885 1902 de
892 1838 1072 1904 Wormatio
1081 1839 1220 1904 famulus
1231 1837 1352 1912 Hessen
1368 1845 1395 1902 1.
1414 1839 1466 1903 nil
1487 1840 1590 1904 dedit.

368 1949 418 2008 39.
443 1941 690 2026 christophorus
714 1940 881 2028 (Kunbzet)
905 1944 942 2008 de
965 1943 1134 2010 Feldkirch
1160 1951 1187 2009 l.
1338 1930 1340 1934 ¹

369 2053 420 2112 40.
445 2047 562 2112 Beatus
586 2046 722 2112 Girtbler
744 2047 781 2111 de
804 2047 950 2133 Helprun
975 2055 1004 2114 2.

367 2157 421 2217 41.
445 2151 584 2216 Joannes
607 2149 745 2236 Lengliu
771 2153 808 2216 de
830 2151 1011 2218 Binbzdorff
1032 2161 1060 2219 2.

367 2260 419 2321 42.
444 2256 588 2321 Andreas
609 2255 730 2321 Heohel
753 2256 790 2321 de
813 2257 1008 2342 campidona
1030 2262 1159 2327 studens
1183 2261 1317 2346 friburg.
1345 2267 1373 2324 3.

365 2368 417 2428 43.
441 2363 595 2427 Aebutius
618 2361 713 2427 Klein
736 2359 924 2429 Phoroensis
948 2371 977 2432 4.

364 2474 417 2535 44.
441 2468 594 2533 Melobior
618 2466 778 2554 Sprenger
800 2469 838 2534 de
861 2467 1052 2557 Riedlingen
1075 2471 1205 2536 sbudens
1227 2471 1361 2556 friburg.
1389 2477 1423 2534 5.

365 2578 418 2638 45.
443 2572 654 2637 Theodericus
678 2573 715 2638 de
737 2572 851 2659 Wyler
878 2581 926 2641 10.

367 2683 418 2742 46.
443 2677 584 2743 Joannes
607 2677 820 2744 Theudoricus
843 2681 881 2746 de
905 2681 1081 2766 Pleuingen
1107 2687 1156 2745 11.

365 2787 417 2847 47.
442 2781 580 2848 Joannes
603 2782 704 2847 Faber
728 2784 766 2848 de
789 2785 974 2872 Pfullingen
999 2791 1050 2851 26.
1139 2793 1141 2800 '

367 2892 418 2952 48.
443 2887 594 2955 Nicolaus
617 2891 655 2954 de
678 2887 849 2986 Dorusbatb
872 2897 923 2956 26.

922 3011 1016 3078 1522.

884 3119 1039 3184 ianuarii.

368 3243 419 3306 49.
443 3238 582 3305 Joannes
606 3237 759 3305 Schradin
784 3242 821 3306 de
842 3241 1033 3327 Riedlingen
1059 3246 1087 3304 7.

367 3351 418 3410 50.
443 3343 555 3410 Pebrus
577 3344 737 3410 Sohauber
762 3345 926 3429 (Sehaber)
951 3347 988 3411 de
1011 3345 1202 3431 Riedlingen
1227 3343 1461 3432 (Reutlingen)
1493 3355 1527 3414 7.

367 3456 418 3515 51.
441 3449 634 3514 Allexander
658 3450 775 3535 Zipper
798 3453 836 3516 de
858 3451 1063 3537 Horrenberg
1089 3457 1138 3517 18.

367 3560 418 3620 52.
442 3554 580 3620 Joannes
603 3555 713 3620 Foster
737 3557 775 3620 de
797 3556 963 3642 Fahingen
986 3557 1044 3621 ult.
1071 3563 1085 3620 1
1112 3578 1136 3620 s.

366 3664 416 3724 53.
442 3660 596 3745 Georgius
619 3657 722 3725 Wolff
742 3660 780 3725 de
804 3658 1045 3724 Altmisshouen
1068 3661 1126 3725 ult.

878 3782 1050 3848 Februarii.

365 3892 416 3952 54.
440 3885 617 3952 Ludouious
640 3886 757 3972 Ruffeg
780 3887 818 3951 de
842 3886 1028 3972 Ginningen
1054 3893 1083 3950 7.

369 3997 420 4056 55.
445 3991 648 4057 Sebastianus
672 3992 856 4058 Stadelman
880 3991 1098 4059 conuentualis
1121 3993 1159 4057 (16
1182 3989 1246 4056 1161
1269 3993 1298 4054 8.

432 4201 531 4255 3211.
551 4202 583 4257 Α.
604 4203 680 4260 1527.
700 4233 732 4242 -
751 4204 793 4258 35.
818 4201 854 4255 Μ.
874 4201 905 4255 Α.
928 4201 1003 4258 1523.
1025 4230 1051 4239 -
1076 4202 1118 4254 45.
1138 4199 1192 4254 mit
1212 4199 1316 4254 seinem
1334 4197 1429 4253 Vaoer
1459 4201 1501 4270 (s.
1521 4203 1603 4258 oben

369 4289 448 4359 1481)
467 4305 518 4344 vor
537 4289 705 4360 Weinsberg
723 4289 811 4344 durch
829 4289 874 4343 die
892 4289 998 4359 Spiesse
1016 4287 1116 4356 gejagb
1131 4289 1206 4344 1525.
1224 4319 1257 4328 -
1277 4288 1320 4342 46.
1340 4286 1528 4344 66160066
1544 4290 1603 4345 Un.

363 4377 440 4432 1529.
458 4376 489 4430 16
507 4375 690 4447 Witbenberg
710 4379 786 4442 1531,
805 4376 979 4445 Hosriobberf,
999 4375 1157 4445 Obervogb,
1177 4373 1426 4431 Landhofmeisber
1450 4379 1545 4434 1556.
1571 4409 1601 4418 -

361 4465 403 4518 49.
413 4462 599 4532 Ritlingonsis
609 4464 675 4519 Msa.
689 4463 770 4534 Heyd
784 4463 844 4518 Ulr.
858 4463 886 4532 2,
904 4465 964 4519 307.
994 4463 1046 4517 uin
1059 4463 1280 4534 gleiabnamiger
1292 4462 1330 4517 161
1345 4461 1388 4516 Ρ1.
1404 4463 1437 4517 16
1451 4465 1603 4521 Fricken·

360 4549 474 4606 hausen.
496 4581 528 4590 -
549 4551 590 4606 50.
610 4551 645 4606 M.
667 4555 700 4608 Α.
721 4553 798 4608 1526.
