<?xml version="1.0" encoding="UTF-8"?>
<!DOCTYPE html PUBLIC "-//W3C//DTD XHTML 1.0 Transitional//EN"
    "http://www.w3.org/TR/xhtml1/DTD/xhtml1-transitional.dtd">
<html xmlns="http://www.w3.org/1999/xhtml" xml:lang="en" lang="en">
 <head>
  <title>
</title>
<meta http-equiv="Content-Type" content="text/html;charset=utf-8" />
  <meta name='ocr-system' content='tesseract 3.04.00' />
  <meta name='ocr-capabilities' content='ocr_page ocr_carea ocr_par ocr_line ocrx_word'/>
</head>
<body>
  <div class='ocr_page' id='page_1' title='image "./urkundenzurgesc00tbgoog_0460.png"; bbox 0 0 3504 5322; ppageno 0'>
   <div class='ocr_carea' id='block_1_1' title="bbox 375 434 1030 502">
    <p class='ocr_par' dir='ltr' id='par_1_1' title="bbox 375 434 1030 502">
     <span class='ocr_line' id='line_1_1' title="bbox 375 434 1030 502; baseline -0.003 -12"><span class='ocrx_word' id='word_1_1' title='bbox 375 438 439 502; x_wconf 81' lang='grc'>446</span> <span class='ocrx_word' id='word_1_2' title='bbox 867 441 869 446; x_wconf 86' lang='grc'><strong>“</strong></span> <span class='ocrx_word' id='word_1_3' title='bbox 929 434 1030 490; x_wconf 79' lang='lat' dir='ltr'>Bursa.</span> 
     </span>
    </p>
   </div>
   <div class='ocr_carea' id='block_1_2' title="bbox 373 591 1580 1099">
    <p class='ocr_par' dir='ltr' id='par_1_2' title="bbox 373 591 1580 1099">
     <span class='ocr_line' id='line_1_2' title="bbox 373 591 1579 687; baseline 0.006 -28"><span class='ocrx_word' id='word_1_4' title='bbox 373 599 511 660; x_wconf 82' lang='lat' dir='ltr'>atrorum</span> <span class='ocrx_word' id='word_1_5' title='bbox 534 599 656 678; x_wconf 75' lang='lat' dir='ltr'>praest,</span> <span class='ocrx_word' id='word_1_6' title='bbox 681 594 714 658; x_wconf 90' lang='lat' dir='ltr'>in</span> <span class='ocrx_word' id='word_1_7' title='bbox 734 591 954 658; x_wconf 75' lang='lat' dir='ltr'>Contubernio</span> <span class='ocrx_word' id='word_1_8' title='bbox 971 597 1139 678; x_wconf 78' lang='lat' dir='ltr'>pascentur</span> <span class='ocrx_word' id='word_1_9' title='bbox 1154 599 1186 660; x_wconf 90' lang='lat' dir='ltr'>et</span> <span class='ocrx_word' id='word_1_10' title='bbox 1201 595 1287 661; x_wconf 89' lang='lat' dir='ltr'>illius</span> <span class='ocrx_word' id='word_1_11' title='bbox 1309 619 1456 664; x_wconf 86' lang='lat' dir='ltr'>mensae</span> <span class='ocrx_word' id='word_1_12' title='bbox 1479 623 1579 687; x_wconf 90' lang='lat' dir='ltr'>appa-</span> 
     </span>
     <span class='ocr_line' id='line_1_3' title="bbox 374 697 1580 783; baseline 0.006 -19"><span class='ocrx_word' id='word_1_13' title='bbox 374 703 446 764; x_wconf 90' lang='lat' dir='ltr'>ratu</span> <span class='ocrx_word' id='word_1_14' title='bbox 469 703 623 775; x_wconf 80' lang='lat' dir='ltr'>utuntur,</span> <span class='ocrx_word' id='word_1_15' title='bbox 656 698 736 762; x_wconf 84' lang='lat' dir='ltr'>vnde</span> <span class='ocrx_word' id='word_1_16' title='bbox 771 697 867 762; x_wconf 90' lang='lat' dir='ltr'>etiam</span> <span class='ocrx_word' id='word_1_17' title='bbox 891 697 998 762; x_wconf 86' lang='lat' dir='ltr'>abesse</span> <span class='ocrx_word' id='word_1_18' title='bbox 1027 698 1163 764; x_wconf 92' lang='lat' dir='ltr'>liberum</span> <span class='ocrx_word' id='word_1_19' title='bbox 1191 721 1253 766; x_wconf 91' lang='lat' dir='ltr'>non</span> <span class='ocrx_word' id='word_1_20' title='bbox 1283 705 1368 783; x_wconf 87' lang='lat' dir='ltr'>esto,</span> <span class='ocrx_word' id='word_1_21' title='bbox 1400 704 1580 770; x_wconf 83' lang='lat' dir='ltr'>aRectore</span> 
     </span>
     <span class='ocr_line' id='line_1_4' title="bbox 374 801 1578 893; baseline 0.003 -25"><span class='ocrx_word' id='word_1_22' title='bbox 374 808 429 868; x_wconf 88' lang='lat' dir='ltr'>aut</span> <span class='ocrx_word' id='word_1_23' title='bbox 451 803 558 888; x_wconf 89' lang='lat' dir='ltr'>aliquo</span> <span class='ocrx_word' id='word_1_24' title='bbox 572 802 800 888; x_wconf 86' lang='lat' dir='ltr'>Magistrorum</span> <span class='ocrx_word' id='word_1_25' title='bbox 827 801 953 886; x_wconf 83' lang='lat' dir='ltr'>collegii</span> <span class='ocrx_word' id='word_1_26' title='bbox 974 803 1179 885; x_wconf 88' lang='lat' dir='ltr'>impetratum</span> <span class='ocrx_word' id='word_1_27' title='bbox 1194 804 1342 871; x_wconf 87' lang='lat' dir='ltr'>habento.</span> <span class='ocrx_word' id='word_1_28' title='bbox 1380 807 1578 893; x_wconf 89' lang='lat' dir='ltr'>Dalinquen-</span> 
     </span>
     <span class='ocr_line' id='line_1_5' title="bbox 373 891 1577 993; baseline 0.003 -21"><span class='ocrx_word' id='word_1_29' title='bbox 373 909 459 973; x_wconf 87' lang='lat' dir='ltr'>tibus</span> <span class='ocrx_word' id='word_1_30' title='bbox 476 891 515 973; x_wconf 53' lang='lat' dir='ltr'>‘in</span> <span class='ocrx_word' id='word_1_31' title='bbox 538 907 597 972; x_wconf 89' lang='lat' dir='ltr'>hac</span> <span class='ocrx_word' id='word_1_32' title='bbox 618 912 708 993; x_wconf 88' lang='lat' dir='ltr'>parte</span> <span class='ocrx_word' id='word_1_33' title='bbox 730 907 849 971; x_wconf 87' lang='lat' dir='ltr'>mulcta</span> <span class='ocrx_word' id='word_1_34' title='bbox 871 906 986 971; x_wconf 88' lang='lat' dir='ltr'>dicitur</span> <span class='ocrx_word' id='word_1_35' title='bbox 1010 907 1221 972; x_wconf 78' lang='lat' dir='ltr'><strong>cruciatorum</strong></span> <span class='ocrx_word' id='word_1_36' title='bbox 1245 910 1351 974; x_wconf 90' lang='lat' dir='ltr'>duum.</span> <span class='ocrx_word' id='word_1_37' title='bbox 1396 913 1457 978; x_wconf 80' lang='lat' dir='ltr'>Sed</span> <span class='ocrx_word' id='word_1_38' title='bbox 1480 913 1577 978; x_wconf 89' lang='lat' dir='ltr'>mini·</span> 
     </span>
     <span class='ocr_line' id='line_1_6' title="bbox 374 1011 1364 1099; baseline 0.003 -23"><span class='ocrx_word' id='word_1_39' title='bbox 374 1012 450 1076; x_wconf 87' lang='lat' dir='ltr'>stris</span> <span class='ocrx_word' id='word_1_40' title='bbox 473 1017 505 1078; x_wconf 92' lang='lat' dir='ltr'>et</span> <span class='ocrx_word' id='word_1_41' title='bbox 527 1032 661 1096; x_wconf 89' lang='lat' dir='ltr'>quorum</span> <span class='ocrx_word' id='word_1_42' title='bbox 683 1011 792 1095; x_wconf 88' lang='lat' dir='ltr'>aliqua</span> <span class='ocrx_word' id='word_1_43' title='bbox 813 1015 862 1076; x_wconf 86' lang='lat' dir='ltr'>est</span> <span class='ocrx_word' id='word_1_44' title='bbox 884 1012 1005 1077; x_wconf 88' lang='lat' dir='ltr'>curatio</span> <span class='ocrx_word' id='word_1_45' title='bbox 1029 1011 1237 1078; x_wconf 85' lang='lat' dir='ltr'>Contubernii</span> <span class='ocrx_word' id='word_1_46' title='bbox 1259 1015 1364 1099; x_wconf 88' lang='lat' dir='ltr'>dupla.</span> 
     </span>
    </p>
   </div>
   <div class='ocr_carea' id='block_1_3' title="bbox 950 1185 1006 1251">
    <p class='ocr_par' dir='ltr' id='par_1_3' title="bbox 950 1185 1006 1251">
     <span class='ocr_line' id='line_1_7' title="bbox 950 1185 1006 1251; baseline 0.036 -2"><span class='ocrx_word' id='word_1_47' title='bbox 950 1185 1006 1251; x_wconf 94' lang='lat' dir='ltr'>VI.</span> 
     </span>
    </p>
   </div>
   <div class='ocr_carea' id='block_1_4' title="bbox 376 1326 1581 1834">
    <p class='ocr_par' dir='ltr' id='par_1_4' title="bbox 376 1326 1581 1834">
     <span class='ocr_line' id='line_1_8' title="bbox 461 1326 1570 1403; baseline 0.002 -10"><span class='ocrx_word' id='word_1_48' title='bbox 461 1328 625 1403; x_wconf 81' lang='lat' dir='ltr'>Rixarum,</span> <span class='ocrx_word' id='word_1_49' title='bbox 647 1326 916 1402; x_wconf 73' lang='lat' dir='ltr'>criminationum,</span> <span class='ocrx_word' id='word_1_50' title='bbox 940 1326 1180 1392; x_wconf 84' lang='lat' dir='ltr'>maledictorum</span> <span class='ocrx_word' id='word_1_51' title='bbox 1196 1328 1280 1392; x_wconf 80' lang='lat' dir='ltr'>inber</span> <span class='ocrx_word' id='word_1_52' title='bbox 1295 1329 1452 1394; x_wconf 86' lang='lat' dir='ltr'>studiosos</span> <span class='ocrx_word' id='word_1_53' title='bbox 1468 1331 1570 1394; x_wconf 87' lang='lat' dir='ltr'>multa</span> 
     </span>
     <span class='ocr_line' id='line_1_9' title="bbox 379 1429 1579 1520; baseline -0.001 -20"><span class='ocrx_word' id='word_1_54' title='bbox 379 1440 427 1500; x_wconf 85' lang='lat' dir='ltr'>est</span> <span class='ocrx_word' id='word_1_55' title='bbox 450 1433 659 1498; x_wconf 68' lang='lat' dir='ltr'>cruciatorum</span> <span class='ocrx_word' id='word_1_56' title='bbox 684 1453 747 1496; x_wconf 84' lang='lat' dir='ltr'>sex.</span> <span class='ocrx_word' id='word_1_57' title='bbox 796 1431 855 1496; x_wconf 84' lang='lat' dir='ltr'>Sed</span> <span class='ocrx_word' id='word_1_58' title='bbox 877 1429 1150 1510; x_wconf 87' lang='lat' dir='ltr'>contumeliarum,</span> <span class='ocrx_word' id='word_1_59' title='bbox 1175 1431 1402 1511; x_wconf 76' lang='lat' dir='ltr'>infamationis,</span> <span class='ocrx_word' id='word_1_60' title='bbox 1425 1435 1579 1520; x_wconf 87' lang='lat' dir='ltr'>pulsatio-</span> 
     </span>
     <span class='ocr_line' id='line_1_10' title="bbox 376 1533 1578 1604; baseline 0 -1"><span class='ocrx_word' id='word_1_61' title='bbox 376 1561 453 1604; x_wconf 91' lang='lat' dir='ltr'>num</span> <span class='ocrx_word' id='word_1_62' title='bbox 477 1537 619 1602; x_wconf 89' lang='lat' dir='ltr'>facinora</span> <span class='ocrx_word' id='word_1_63' title='bbox 643 1535 814 1600; x_wconf 79' lang='lat' dir='ltr'>[teutoni</span> <span class='ocrx_word' id='word_1_64' title='bbox 837 1533 1157 1599; x_wconf 88' lang='lat' dir='ltr'>Vniuersitatis</span> <span class='ocrx_word' id='word_1_65' title='bbox 1181 1535 1274 1601; x_wconf 90' lang='lat' dir='ltr'>buius</span> <span class='ocrx_word' id='word_1_66' title='bbox 1298 1536 1413 1602; x_wconf 85' lang='lat' dir='ltr'>scholae</span> <span class='ocrx_word' id='word_1_67' title='bbox 1435 1537 1578 1603; x_wconf 86' lang='lat' dir='ltr'>indican-</span> 
     </span>
     <span class='ocr_line' id='line_1_11' title="bbox 379 1638 1581 1726; baseline 0 -18"><span class='ocrx_word' id='word_1_68' title='bbox 379 1649 451 1721; x_wconf 83' lang='lat' dir='ltr'>tor3</span> <span class='ocrx_word' id='word_1_69' title='bbox 485 1640 700 1720; x_wconf 86' lang='lat' dir='ltr'>deierationcs,</span> <span class='ocrx_word' id='word_1_70' title='bbox 725 1640 953 1715; x_wconf 54' lang='lat' dir='ltr'>execrationem</span> <span class='ocrx_word' id='word_1_71' title='bbox 977 1638 1182 1722; x_wconf 80' lang='lat' dir='ltr'>blasphemiae</span> <span class='ocrx_word' id='word_1_72' title='bbox 1205 1641 1311 1725; x_wconf 88' lang='lat' dir='ltr'>aliqua</span> <span class='ocrx_word' id='word_1_73' title='bbox 1333 1663 1392 1726; x_wconf 89' lang='lat' dir='ltr'>pro</span> <span class='ocrx_word' id='word_1_74' title='bbox 1415 1644 1581 1708; x_wconf 82' lang='lat' dir='ltr'>atrocitate</span> 
     </span>
     <span class='ocr_line' id='line_1_12' title="bbox 377 1744 1304 1834; baseline -0.004 -20"><span class='ocrx_word' id='word_1_75' title='bbox 377 1747 496 1834; x_wconf 85' lang='lat' dir='ltr'>insigni</span> <span class='ocrx_word' id='word_1_76' title='bbox 520 1750 606 1823; x_wconf 87' lang='lat' dir='ltr'>nota,</span> <span class='ocrx_word' id='word_1_77' title='bbox 630 1745 668 1810; x_wconf 88' lang='lat' dir='ltr'>de</span> <span class='ocrx_word' id='word_1_78' title='bbox 690 1745 849 1810; x_wconf 85' lang='lat' dir='ltr'>sententia</span> <span class='ocrx_word' id='word_1_79' title='bbox 871 1744 1096 1828; x_wconf 76' lang='lat' dir='ltr'>praesidum</span> <span class='ocrx_word' id='word_1_80' title='bbox 1121 1745 1304 1829; x_wconf 87' lang='lat' dir='ltr'>puniantur.</span> 
     </span>
    </p>
   </div>
   <div class='ocr_carea' id='block_1_5' title="bbox 935 1917 1009 1984">
    <p class='ocr_par' dir='ltr' id='par_1_5' title="bbox 935 1917 1009 1984">
     <span class='ocr_line' id='line_1_13' title="bbox 935 1917 1009 1984; baseline -0.027 0"><span class='ocrx_word' id='word_1_81' title='bbox 935 1917 1009 1984; x_wconf 88' lang='lat' dir='ltr'>VII.</span> 
     </span>
    </p>
   </div>
   <div class='ocr_carea' id='block_1_6' title="bbox 376 2057 1580 2252">
    <p class='ocr_par' dir='ltr' id='par_1_6' title="bbox 376 2057 1580 2252">
     <span class='ocr_line' id='line_1_14' title="bbox 467 2057 1580 2148; baseline -0.001 -21"><span class='ocrx_word' id='word_1_82' title='bbox 467 2060 570 2126; x_wconf 83' lang='lat' dir='ltr'>Stadii</span> <span class='ocrx_word' id='word_1_83' title='bbox 592 2060 747 2124; x_wconf 84' lang='lat' dir='ltr'>bonarum</span> <span class='ocrx_word' id='word_1_84' title='bbox 778 2057 896 2121; x_wconf 88' lang='lat' dir='ltr'>artium</span> <span class='ocrx_word' id='word_1_85' title='bbox 919 2079 1012 2122; x_wconf 87' lang='lat' dir='ltr'>causa</span> <span class='ocrx_word' id='word_1_86' title='bbox 1043 2060 1227 2144; x_wconf 86' lang='lat' dir='ltr'>congregati</span> <span class='ocrx_word' id='word_1_87' title='bbox 1249 2063 1288 2125; x_wconf 77' lang='lat' dir='ltr'>acl</span> <span class='ocrx_word' id='word_1_88' title='bbox 1311 2061 1435 2126; x_wconf 90' lang='lat' dir='ltr'>diuersa</span> <span class='ocrx_word' id='word_1_89' title='bbox 1456 2085 1496 2128; x_wconf 91' lang='lat' dir='ltr'>ne</span> <span class='ocrx_word' id='word_1_90' title='bbox 1521 2087 1580 2148; x_wconf 91' lang='lat' dir='ltr'>ap-</span> 
     </span>
     <span class='ocr_line' id='line_1_15' title="bbox 376 2162 1580 2252; baseline 0 -20"><span class='ocrx_word' id='word_1_91' title='bbox 376 2167 517 2252; x_wconf 87' lang='lat' dir='ltr'>plicanto</span> <span class='ocrx_word' id='word_1_92' title='bbox 547 2187 623 2230; x_wconf 86' lang='lat' dir='ltr'>sese.</span> <span class='ocrx_word' id='word_1_93' title='bbox 674 2162 753 2228; x_wconf 89' lang='lat' dir='ltr'>Cum</span> <span class='ocrx_word' id='word_1_94' title='bbox 785 2163 942 2247; x_wconf 84' lang='lat' dir='ltr'>imperitis</span> <span class='ocrx_word' id='word_1_95' title='bbox 973 2163 1105 2244; x_wconf 89' lang='lat' dir='ltr'>harum,</span> <span class='ocrx_word' id='word_1_96' title='bbox 1138 2165 1317 2245; x_wconf 83' lang='lat' dir='ltr'>dissolutis,</span> <span class='ocrx_word' id='word_1_97' title='bbox 1350 2167 1516 2252; x_wconf 84' lang='lat' dir='ltr'>flagitiosis</span> <span class='ocrx_word' id='word_1_98' title='bbox 1539 2189 1580 2232; x_wconf 88' lang='lat' dir='ltr'>ne</span> 
     </span>
    </p>
   </div>
   <div class='ocr_carea' id='block_1_7' title="bbox 375 2267 1581 3195">
    <p class='ocr_par' dir='ltr' id='par_1_7' title="bbox 375 2267 1581 3195">
     <span class='ocr_line' id='line_1_16' title="bbox 376 2267 1581 2353; baseline -0.002 -15"><span class='ocrx_word' id='word_1_99' title='bbox 376 2271 626 2338; x_wconf 63' lang='lat' dir='ltr'>commiscentur</span> <span class='ocrx_word' id='word_1_100' title='bbox 678 2267 950 2347; x_wconf 88' lang='lat' dir='ltr'>Diuersoria,</span> <span class='ocrx_word' id='word_1_101' title='bbox 982 2292 1160 2353; x_wconf 87' lang='lat' dir='ltr'>cauponas,</span> <span class='ocrx_word' id='word_1_102' title='bbox 1193 2271 1341 2336; x_wconf 86' lang='lat' dir='ltr'>tabernas</span> <span class='ocrx_word' id='word_1_103' title='bbox 1374 2293 1414 2337; x_wconf 89' lang='lat' dir='ltr'>ne</span> <span class='ocrx_word' id='word_1_104' title='bbox 1438 2273 1581 2337; x_wconf 83' lang='lat' dir='ltr'>intrante</span> 
     </span>
     <span class='ocr_line' id='line_1_17' title="bbox 375 2374 1579 2460; baseline 0 -17"><span class='ocrx_word' id='word_1_105' title='bbox 375 2376 615 2453; x_wconf 86' lang='lat' dir='ltr'>commessandi,</span> <span class='ocrx_word' id='word_1_106' title='bbox 637 2375 775 2451; x_wconf 89' lang='lat' dir='ltr'>ludendi,</span> <span class='ocrx_word' id='word_1_107' title='bbox 802 2374 956 2439; x_wconf 87' lang='lat' dir='ltr'>bachandi</span> <span class='ocrx_word' id='word_1_108' title='bbox 972 2375 1085 2460; x_wconf 86' lang='lat' dir='ltr'>gralia.</span> <span class='ocrx_word' id='word_1_109' title='bbox 1119 2374 1159 2438; x_wconf 92' lang='lat' dir='ltr'>In</span> <span class='ocrx_word' id='word_1_110' title='bbox 1175 2375 1302 2459; x_wconf 91' lang='lat' dir='ltr'>publico</span> <span class='ocrx_word' id='word_1_111' title='bbox 1319 2397 1358 2440; x_wconf 90' lang='lat' dir='ltr'>ne</span> <span class='ocrx_word' id='word_1_112' title='bbox 1373 2378 1579 2456; x_wconf 85' lang='lat' dir='ltr'>saltante,</span> 
     </span>
     <span class='ocr_line' id='line_1_18' title="bbox 377 2478 1581 2564; baseline 0 -18"><span class='ocrx_word' id='word_1_113' title='bbox 377 2502 456 2546; x_wconf 89' lang='lat' dir='ltr'>naue</span> <span class='ocrx_word' id='word_1_114' title='bbox 479 2482 609 2546; x_wconf 87' lang='lat' dir='ltr'>choreas</span> <span class='ocrx_word' id='word_1_115' title='bbox 632 2480 781 2557; x_wconf 90' lang='lat' dir='ltr'>ducunto,</span> <span class='ocrx_word' id='word_1_116' title='bbox 805 2478 867 2542; x_wconf 88' lang='lat' dir='ltr'>nisi</span> <span class='ocrx_word' id='word_1_117' title='bbox 891 2480 1075 2564; x_wconf 83' lang='lat' dir='ltr'>nuptiarum</span> <span class='ocrx_word' id='word_1_118' title='bbox 1098 2480 1181 2545; x_wconf 88' lang='lat' dir='ltr'>forte</span> <span class='ocrx_word' id='word_1_119' title='bbox 1197 2485 1252 2545; x_wconf 90' lang='lat' dir='ltr'>aut</span> <span class='ocrx_word' id='word_1_120' title='bbox 1268 2481 1381 2546; x_wconf 87' lang='lat' dir='ltr'>similis</span> <span class='ocrx_word' id='word_1_121' title='bbox 1396 2482 1581 2548; x_wconf 87' lang='lat' dir='ltr'>testiuitatis</span> 
     </span>
     <span class='ocr_line' id='line_1_19' title="bbox 378 2583 1581 2673; baseline 0.002 -23"><span class='ocrx_word' id='word_1_122' title='bbox 378 2587 548 2672; x_wconf 88' lang='lat' dir='ltr'>participes</span> <span class='ocrx_word' id='word_1_123' title='bbox 571 2586 647 2650; x_wconf 86' lang='lat' dir='ltr'>lacti</span> <span class='ocrx_word' id='word_1_124' title='bbox 671 2584 869 2649; x_wconf 87' lang='lat' dir='ltr'>inuitatione.</span> <span class='ocrx_word' id='word_1_125' title='bbox 917 2583 956 2647; x_wconf 94' lang='lat' dir='ltr'>In</span> <span class='ocrx_word' id='word_1_126' title='bbox 975 2583 1225 2650; x_wconf 85' lang='lat' dir='ltr'>Contuberuium</span> <span class='ocrx_word' id='word_1_127' title='bbox 1248 2591 1399 2670; x_wconf 85' lang='lat' dir='ltr'>suspeclae</span> <span class='ocrx_word' id='word_1_128' title='bbox 1423 2588 1581 2673; x_wconf 85' lang='lat' dir='ltr'>pudicitiae</span> 
     </span>
     <span class='ocr_line' id='line_1_20' title="bbox 375 2689 1580 2773; baseline 0.002 -18"><span class='ocrx_word' id='word_1_129' title='bbox 375 2691 596 2756; x_wconf 89' lang='lat' dir='ltr'>mulierem</span> <span class='ocrx_word' id='word_1_130' title='bbox 620 2713 659 2754; x_wconf 91' lang='lat' dir='ltr'>ne</span> <span class='ocrx_word' id='word_1_131' title='bbox 682 2690 752 2773; x_wconf 85' lang='lat' dir='ltr'>quis</span> <span class='ocrx_word' id='word_1_132' title='bbox 776 2689 978 2754; x_wconf 82' lang='lat' dir='ltr'>introducito.</span> <span class='ocrx_word' id='word_1_133' title='bbox 1024 2690 1085 2766; x_wconf 80' lang='lat' dir='ltr'>Qui</span> <span class='ocrx_word' id='word_1_134' title='bbox 1108 2691 1218 2756; x_wconf 82' lang='lat' dir='ltr'>fecerit</span> <span class='ocrx_word' id='word_1_135' title='bbox 1242 2692 1393 2757; x_wconf 88' lang='lat' dir='ltr'>mulctam</span> <span class='ocrx_word' id='word_1_136' title='bbox 1415 2692 1580 2758; x_wconf 91' lang='lat' dir='ltr'>denarium</span> 
     </span>
     <span class='ocr_line' id='line_1_21' title="bbox 376 2795 1580 2882; baseline 0.001 -20"><span class='ocrx_word' id='word_1_137' title='bbox 376 2797 473 2862; x_wconf 89' lang='lat' dir='ltr'>duum</span> <span class='ocrx_word' id='word_1_138' title='bbox 497 2795 629 2872; x_wconf 85' lang='lat' dir='ltr'>soluito,</span> <span class='ocrx_word' id='word_1_139' title='bbox 659 2795 687 2858; x_wconf 89' lang='lat' dir='ltr'>si</span> <span class='ocrx_word' id='word_1_140' title='bbox 717 2795 833 2859; x_wconf 89' lang='lat' dir='ltr'>iterum</span> <span class='ocrx_word' id='word_1_141' title='bbox 857 2799 952 2878; x_wconf 87' lang='lat' dir='ltr'>atque</span> <span class='ocrx_word' id='word_1_142' title='bbox 974 2795 1090 2861; x_wconf 87' lang='lat' dir='ltr'>iterum</span> <span class='ocrx_word' id='word_1_143' title='bbox 1114 2797 1244 2876; x_wconf 84' lang='lat' dir='ltr'>fecerit,</span> <span class='ocrx_word' id='word_1_144' title='bbox 1279 2797 1382 2862; x_wconf 85' lang='lat' dir='ltr'>multa</span> <span class='ocrx_word' id='word_1_145' title='bbox 1404 2797 1580 2882; x_wconf 82' lang='lat' dir='ltr'>duplicatur</span> 
     </span>
     <span class='ocr_line' id='line_1_22' title="bbox 376 2899 1579 2986; baseline 0 -20"><span class='ocrx_word' id='word_1_146' title='bbox 376 2923 411 2966; x_wconf 87' lang='lat' dir='ltr'>ac</span> <span class='ocrx_word' id='word_1_147' title='bbox 434 2900 613 2984; x_wconf 85' lang='lat' dir='ltr'>triplicatur</span> <span class='ocrx_word' id='word_1_148' title='bbox 636 2903 667 2964; x_wconf 90' lang='lat' dir='ltr'>et</span> <span class='ocrx_word' id='word_1_149' title='bbox 681 2899 899 2966; x_wconf 84' lang='lat' dir='ltr'>Contubernio</span> <span class='ocrx_word' id='word_1_150' title='bbox 915 2905 1068 2985; x_wconf 89' lang='lat' dir='ltr'>tanquam</span> <span class='ocrx_word' id='word_1_151' title='bbox 1092 2901 1264 2986; x_wconf 75' lang='lat' dir='ltr'>desperatae</span> <span class='ocrx_word' id='word_1_152' title='bbox 1286 2902 1499 2985; x_wconf 87' lang='lat' dir='ltr'>improbitatis</span> <span class='ocrx_word' id='word_1_153' title='bbox 1521 2901 1579 2966; x_wconf 90' lang='lat' dir='ltr'>eii·</span> 
     </span>
     <span class='ocr_line' id='line_1_23' title="bbox 375 3005 1581 3092; baseline 0.002 -23"><span class='ocrx_word' id='word_1_154' title='bbox 375 3007 464 3070; x_wconf 91' lang='lat' dir='ltr'>citor.</span> <span class='ocrx_word' id='word_1_155' title='bbox 510 3005 630 3070; x_wconf 83' lang='lat' dir='ltr'>Eadem</span> <span class='ocrx_word' id='word_1_156' title='bbox 662 3005 764 3070; x_wconf 89' lang='lat' dir='ltr'>multa</span> <span class='ocrx_word' id='word_1_157' title='bbox 795 3011 862 3070; x_wconf 84' lang='lat' dir='ltr'>esto</span> <span class='ocrx_word' id='word_1_158' title='bbox 892 3006 926 3070; x_wconf 90' lang='lat' dir='ltr'>iu</span> <span class='ocrx_word' id='word_1_159' title='bbox 949 3028 1002 3070; x_wconf 89' lang='lat' dir='ltr'>eos</span> <span class='ocrx_word' id='word_1_160' title='bbox 1034 3007 1089 3090; x_wconf 92' lang='lat' dir='ltr'>qui</span> <span class='ocrx_word' id='word_1_161' title='bbox 1112 3007 1324 3092; x_wconf 88' lang='lat' dir='ltr'>compererint</span> <span class='ocrx_word' id='word_1_162' title='bbox 1351 3005 1465 3072; x_wconf 87' lang='lat' dir='ltr'>bacin</span> <span class='ocrx_word' id='word_1_163' title='bbox 1490 3011 1581 3092; x_wconf 84' lang='lat' dir='ltr'>parte</span> 
     </span>
     <span class='ocr_line' id='line_1_24' title="bbox 375 3108 1524 3195; baseline 0.001 -20"><span class='ocrx_word' id='word_1_164' title='bbox 375 3111 498 3195; x_wconf 91' lang='lat' dir='ltr'>aliquos</span> <span class='ocrx_word' id='word_1_165' title='bbox 521 3108 690 3194; x_wconf 88' lang='lat' dir='ltr'>deliquisse</span> <span class='ocrx_word' id='word_1_166' title='bbox 713 3113 744 3174; x_wconf 88' lang='lat' dir='ltr'>et</span> <span class='ocrx_word' id='word_1_167' title='bbox 768 3112 806 3175; x_wconf 91' lang='lat' dir='ltr'>ad</span> <span class='ocrx_word' id='word_1_168' title='bbox 831 3110 1000 3176; x_wconf 90' lang='lat' dir='ltr'>Rectorem</span> <span class='ocrx_word' id='word_1_169' title='bbox 1025 3111 1233 3177; x_wconf 86' lang='lat' dir='ltr'>Contubernii</span> <span class='ocrx_word' id='word_1_170' title='bbox 1256 3133 1319 3176; x_wconf 90' lang='lat' dir='ltr'>non</span> <span class='ocrx_word' id='word_1_171' title='bbox 1344 3111 1524 3176; x_wconf 81' lang='lat' dir='ltr'>detulerint</span> 
     </span>
    </p>
   </div>
   <div class='ocr_carea' id='block_1_8' title="bbox 933 3283 1023 3350">
    <p class='ocr_par' dir='ltr' id='par_1_8' title="bbox 933 3283 1023 3350">
     <span class='ocr_line' id='line_1_25' title="bbox 933 3283 1023 3350; baseline 0.011 -1"><span class='ocrx_word' id='word_1_172' title='bbox 933 3283 1023 3350; x_wconf 89' lang='lat' dir='ltr'>VIII.</span> 
     </span>
    </p>
   </div>
   <div class='ocr_carea' id='block_1_9' title="bbox 377 3422 1584 3614">
    <p class='ocr_par' dir='ltr' id='par_1_9' title="bbox 377 3422 1584 3614">
     <span class='ocr_line' id='line_1_26' title="bbox 465 3422 1584 3510; baseline -0.003 -22"><span class='ocrx_word' id='word_1_173' title='bbox 465 3423 572 3490; x_wconf 80' lang='lat' dir='ltr'>Alcae</span> <span class='ocrx_word' id='word_1_174' title='bbox 594 3425 785 3490; x_wconf 87' lang='lat' dir='ltr'>scurrilitate</span> <span class='ocrx_word' id='word_1_175' title='bbox 809 3425 1014 3490; x_wconf 84' lang='lat' dir='ltr'>interdictum</span> <span class='ocrx_word' id='word_1_176' title='bbox 1047 3430 1121 3491; x_wconf 87' lang='lat' dir='ltr'>esto.</span> <span class='ocrx_word' id='word_1_177' title='bbox 1175 3426 1236 3502; x_wconf 81' lang='lat' dir='ltr'>Qui</span> <span class='ocrx_word' id='word_1_178' title='bbox 1259 3424 1458 3510; x_wconf 78' lang='lat' dir='ltr'>usurparint,</span> <span class='ocrx_word' id='word_1_179' title='bbox 1488 3422 1584 3506; x_wconf 89' lang='lat' dir='ltr'>quiue</span> 
     </span>
     <span class='ocr_line' id='line_1_27' title="bbox 377 3529 1244 3614; baseline 0 -20"><span class='ocrx_word' id='word_1_180' title='bbox 377 3534 578 3614; x_wconf 80' lang='lat' dir='ltr'>usurpatores</span> <span class='ocrx_word' id='word_1_181' title='bbox 601 3531 749 3610; x_wconf 83' lang='lat' dir='ltr'>texerint,</span> <span class='ocrx_word' id='word_1_182' title='bbox 774 3530 905 3595; x_wconf 86' lang='lat' dir='ltr'>eandem</span> <span class='ocrx_word' id='word_1_183' title='bbox 929 3529 1061 3595; x_wconf 88' lang='lat' dir='ltr'>multam</span> <span class='ocrx_word' id='word_1_184' title='bbox 1086 3532 1244 3596; x_wconf 88' lang='lat' dir='ltr'>soluunto.</span> 
     </span>
    </p>
   </div>
   <div class='ocr_carea' id='block_1_10' title="bbox 924 3703 1032 3770">
    <p class='ocr_par' dir='ltr' id='par_1_10' title="bbox 924 3703 1032 3770">
     <span class='ocr_line' id='line_1_28' title="bbox 924 3703 1032 3770; baseline 0.019 -2"><span class='ocrx_word' id='word_1_185' title='bbox 924 3703 1032 3770; x_wconf 85' lang='lat' dir='ltr'>VIIII.</span> 
     </span>
    </p>
   </div>
   <div class='ocr_carea' id='block_1_11' title="bbox 377 3843 1585 4130">
    <p class='ocr_par' dir='ltr' id='par_1_11' title="bbox 377 3843 1585 4130">
     <span class='ocr_line' id='line_1_29' title="bbox 463 3843 1573 3929; baseline -0.003 -20"><span class='ocrx_word' id='word_1_186' title='bbox 463 3845 502 3910; x_wconf 88' lang='lat' dir='ltr'>In</span> <span class='ocrx_word' id='word_1_187' title='bbox 518 3845 768 3911; x_wconf 83' lang='lat' dir='ltr'>Contubernium</span> <span class='ocrx_word' id='word_1_188' title='bbox 792 3867 831 3908; x_wconf 89' lang='lat' dir='ltr'>nc</span> <span class='ocrx_word' id='word_1_189' title='bbox 854 3846 925 3929; x_wconf 90' lang='lat' dir='ltr'>quis</span> <span class='ocrx_word' id='word_1_190' title='bbox 948 3845 1051 3910; x_wconf 88' lang='lat' dir='ltr'>alieno</span> <span class='ocrx_word' id='word_1_191' title='bbox 1073 3847 1215 3928; x_wconf 88' lang='lat' dir='ltr'>tempore</span> <span class='ocrx_word' id='word_1_192' title='bbox 1237 3867 1273 3909; x_wconf 90' lang='lat' dir='ltr'>ac</span> <span class='ocrx_word' id='word_1_193' title='bbox 1295 3846 1364 3910; x_wconf 93' lang='lat' dir='ltr'>loco</span> <span class='ocrx_word' id='word_1_194' title='bbox 1387 3843 1573 3928; x_wconf 83' lang='lat' dir='ltr'>ingreditor,</span> 
     </span>
     <span class='ocr_line' id='line_1_30' title="bbox 377 3949 1585 4036; baseline -0.005 -20"><span class='ocrx_word' id='word_1_195' title='bbox 377 3974 417 4016; x_wconf 89' lang='lat' dir='ltr'>ne</span> <span class='ocrx_word' id='word_1_196' title='bbox 441 3952 517 4036; x_wconf 79' lang='lat' dir='ltr'>quid</span> <span class='ocrx_word' id='word_1_197' title='bbox 540 3973 616 4015; x_wconf 82' lang='lat' dir='ltr'>serae</span> <span class='ocrx_word' id='word_1_198' title='bbox 639 3951 748 4015; x_wconf 84' lang='lat' dir='ltr'>fraude</span> <span class='ocrx_word' id='word_1_199' title='bbox 771 3955 826 4014; x_wconf 91' lang='lat' dir='ltr'>aut</span> <span class='ocrx_word' id='word_1_200' title='bbox 850 3951 882 4015; x_wconf 81' lang='lat' dir='ltr'>vi</span> <span class='ocrx_word' id='word_1_201' title='bbox 904 3949 1067 4028; x_wconf 85' lang='lat' dir='ltr'>recludito,</span> <span class='ocrx_word' id='word_1_202' title='bbox 1092 3971 1130 4013; x_wconf 87' lang='lat' dir='ltr'>ne</span> <span class='ocrx_word' id='word_1_203' title='bbox 1154 3971 1210 4034; x_wconf 93' lang='lat' dir='ltr'>per</span> <span class='ocrx_word' id='word_1_204' title='bbox 1232 3949 1396 4027; x_wconf 74' lang='lat' dir='ltr'>fencstraS,</span> <span class='ocrx_word' id='word_1_205' title='bbox 1421 3971 1482 4012; x_wconf 91' lang='lat' dir='ltr'>neu</span> <span class='ocrx_word' id='word_1_206' title='bbox 1506 3970 1585 4032; x_wconf 90' lang='lat' dir='ltr'>quas</span> 
     </span>
     <span class='ocr_line' id='line_1_31' title="bbox 377 4053 1364 4130; baseline -0.006 -6"><span class='ocrx_word' id='word_1_207' title='bbox 377 4058 474 4124; x_wconf 84' lang='lat' dir='ltr'>rimas</span> <span class='ocrx_word' id='word_1_208' title='bbox 498 4079 563 4122; x_wconf 86' lang='lat' dir='ltr'>sese</span> <span class='ocrx_word' id='word_1_209' title='bbox 587 4057 711 4121; x_wconf 84' lang='lat' dir='ltr'>inferto.</span> <span class='ocrx_word' id='word_1_210' title='bbox 759 4053 820 4130; x_wconf 82' lang='lat' dir='ltr'>Qui</span> <span class='ocrx_word' id='word_1_211' title='bbox 844 4055 955 4121; x_wconf 82' lang='lat' dir='ltr'>fecerit</span> <span class='ocrx_word' id='word_1_212' title='bbox 977 4077 1039 4120; x_wconf 87' lang='lat' dir='ltr'>vno</span> <span class='ocrx_word' id='word_1_213' title='bbox 1061 4055 1180 4119; x_wconf 84' lang='lat' dir='ltr'>floren&#39;o</span> <span class='ocrx_word' id='word_1_214' title='bbox 1202 4055 1364 4120; x_wconf 84' lang='lat' dir='ltr'>multator.</span> 
     </span>
    </p>
   </div>
   <div class='ocr_carea' id='block_1_12' title="bbox 959 4229 998 4297">
    <p class='ocr_par' dir='ltr' id='par_1_12' title="bbox 959 4229 998 4297">
     <span class='ocr_line' id='line_1_32' title="bbox 959 4229 998 4297; baseline -0.077 0"><span class='ocrx_word' id='word_1_215' title='bbox 959 4229 998 4297; x_wconf 88' lang='lat' dir='ltr'>X.</span> 
     </span>
    </p>
   </div>
   <div class='ocr_carea' id='block_1_13' title="bbox 378 4367 1587 4563">
    <p class='ocr_par' dir='ltr' id='par_1_13' title="bbox 378 4367 1587 4563">
     <span class='ocr_line' id='line_1_33' title="bbox 466 4367 1585 4449; baseline -0.007 -13"><span class='ocrx_word' id='word_1_216' title='bbox 466 4370 633 4437; x_wconf 84' lang='lat' dir='ltr'>Cleusis</span> <span class='ocrx_word' id='word_1_217' title='bbox 655 4371 734 4438; x_wconf 91' lang='lat' dir='ltr'>hora</span> <span class='ocrx_word' id='word_1_218' title='bbox 767 4375 802 4436; x_wconf 86' lang='lat' dir='ltr'>vt</span> <span class='ocrx_word' id='word_1_219' title='bbox 825 4370 875 4435; x_wconf 87' lang='lat' dir='ltr'>lex</span> <span class='ocrx_word' id='word_1_220' title='bbox 900 4369 989 4434; x_wconf 90' lang='lat' dir='ltr'>iubet</span> <span class='ocrx_word' id='word_1_221' title='bbox 1011 4369 1183 4435; x_wconf 86' lang='lat' dir='ltr'>foribus</span> <span class='ocrx_word' id='word_1_222' title='bbox 1206 4368 1431 4445; x_wconf 82' lang='lat' dir='ltr'>Contubernii,</span> <span class='ocrx_word' id='word_1_223' title='bbox 1462 4367 1489 4430; x_wconf 91' lang='lat' dir='ltr'>si</span> <span class='ocrx_word' id='word_1_224' title='bbox 1512 4367 1585 4449; x_wconf 89' lang='lat' dir='ltr'>quis</span> 
     </span>
     <span class='ocr_line' id='line_1_34' title="bbox 378 4471 1587 4563; baseline -0.006 -21"><span class='ocrx_word' id='word_1_225' title='bbox 378 4479 463 4544; x_wconf 86' lang='lat' dir='ltr'>intra</span> <span class='ocrx_word' id='word_1_226' title='bbox 487 4478 546 4543; x_wconf 88' lang='lat' dir='ltr'>hoc</span> <span class='ocrx_word' id='word_1_227' title='bbox 568 4501 632 4544; x_wconf 91' lang='lat' dir='ltr'>non</span> <span class='ocrx_word' id='word_1_228' title='bbox 666 4478 864 4563; x_wconf 87' lang='lat' dir='ltr'>reperiatur,</span> <span class='ocrx_word' id='word_1_229' title='bbox 899 4475 966 4539; x_wconf 86' lang='lat' dir='ltr'>siue</span> <span class='ocrx_word' id='word_1_230' title='bbox 998 4479 1072 4561; x_wconf 82' lang='lat' dir='ltr'>post</span> <span class='ocrx_word' id='word_1_231' title='bbox 1093 4475 1173 4540; x_wconf 89' lang='lat' dir='ltr'>illud</span> <span class='ocrx_word' id='word_1_232' title='bbox 1196 4479 1321 4560; x_wconf 85' lang='lat' dir='ltr'>tempus</span> <span class='ocrx_word' id='word_1_233' title='bbox 1345 4471 1524 4561; x_wconf 87' lang='lat' dir='ltr'>pulsatione</span> <span class='ocrx_word' id='word_1_234' title='bbox 1546 4471 1587 4536; x_wconf 87' lang='lat' dir='ltr'>ad</span> 
     </span>
    </p>
   </div>
   <div class='ocr_carea' id='block_1_14' title="bbox 0 0 1758 5316">
    <p class='ocr_par' dir='ltr' id='par_1_14' title="bbox 0 0 1758 5316">
     <span class='ocr_line' id='line_1_35' title="bbox 0 0 1758 5316; baseline 0 0"><span class='ocrx_word' id='word_1_235' title='bbox 0 0 1758 5316; x_wconf 95' lang='lat' dir='ltr'> </span> 
     </span>
    </p>
   </div>
  </div>
 </body>
</html>
