3460 5314
600 496 717 554 Statura
737 497 844 553 147711.
860 499 934 553 1505.
1302 497 1365 564 323

249 659 278 720 3.
324 655 472 720 Preterea
494 654 577 730 Quia
599 659 632 720 et
655 655 808 720 fratribus
826 661 858 720 et
872 655 1132 720 Benefactoribus
1147 659 1265 722 nostris
1281 659 1363 723 vices

164 761 288 824 reddere
317 761 463 824 iubemur
486 758 606 824 Statuit
637 764 733 844 atque
763 781 820 844 pro
846 761 945 845 ipsius
977 760 1137 825 facultatis
1170 763 1364 828 incremento

164 865 298 929 uberiori
328 865 505 942 ordinauit,
538 870 572 930 vt
605 866 775 930 eorundem
805 865 942 930 fratrum
973 869 1005 929 et
1030 864 1274 932 Benefactorum
1296 890 1363 932 om·

164 971 249 1033 nium
278 971 499 1035 defunctorum
531 971 700 1048 memoria,
731 993 803 1035 curn
826 971 955 1035 Missa
986 969 1171 1035 celebranda
1198 971 1363 1037 defuncto·

167 1185 238 1228 cum
261 1166 386 1246 sceptro
417 1163 473 1227 fiat
496 1163 721 1242 uniuersitatis,
745 1161 890 1228 Decanus
915 1164 1077 1228 facultatis
1100 1165 1215 1229 artium
1239 1164 1366 1230 Rectcri

163 1266 382 1332 uniuersItatis
413 1289 473 1352 pro
502 1271 642 1351 tempore
665 1268 816 1353 iungatur
840 1267 872 1331 in
897 1267 1008 1348 choro,
1039 1270 1093 1351 qui
1116 1269 1211 1332 simul
1234 1269 1267 1332 in
1291 1291 1365 1352 pro-

163 1375 302 1438 cessione
325 1393 434 1438 omnes
457 1372 535 1436 alios
557 1373 754 1436 antecedant.

249 1478 380 1542 Mandat
402 1477 498 1541 etiam
520 1477 614 1540 huius
638 1477 758 1541 intuitu
781 1478 916 1542 decanus
939 1479 1096 1542 dominica
1122 1478 1266 1562 proxima
1291 1481 1365 1542 ante

123 1649 127 1658 ,
163 1581 550 1648 (lutharinemandato
574 1583 759 1666 scripto,
782 1583 904 1647 tamin
927 1581 1181 1660 dictaecclesia,
1211 1604 1306 1666 quam
1331 1583 1365 1646 in

163 1687 265 1752 bursis
289 1694 321 1752 et
344 1709 451 1752 earum
474 1688 577 1752 ianuis
600 1689 805 1773 publicanda,
829 1690 976 1755 omnibus
998 1694 1065 1753 tam
1088 1688 1249 1754 birretatis
1270 1709 1365 1773 quam

163 1791 339 1857 scolaribus
362 1793 523 1858 facultatis
546 1794 682 1872 artium,
716 1795 911 1878 reliquarum
943 1795 1131 1860 facultatum
1157 1794 1364 1878 superiorum,

164 1903 230 1961 tam
253 1899 358 1982 capita
382 1921 477 1982 quam
501 1900 644 1964 membra
665 1900 879 1978 exhortando,
908 1905 944 1964 vt
973 1899 1084 1984 primis
1109 1899 1247 1984 vesperis
1269 1895 1366 1962 colla·

102 2079 105 2086 ¹
164 2003 246 2066 tioni
279 2006 312 2066 et
344 2002 449 2067 officio
478 2004 572 2068 misse
595 2005 764 2084 intersint,
793 2027 916 2070 necnon
939 2005 1093 2070 oblationi
1116 2026 1171 2088 per
1194 2026 1231 2068 ea
1254 2004 1365 2081 fieude,

165 2111 259 2190 prout
283 2107 445 2171 facultatis
468 2109 585 2173 artium
608 2111 750 2175 membra
772 2111 804 2174 in
829 2110 891 2193 hijs
919 2110 1118 2195 negligentia
1140 2113 1276 2194 quatuor
1291 2109 1365 2174 soli-

164 2211 276 2276 dorum
297 2211 328 2274 h.
354 2214 485 2296 cupiant
506 2237 621 2298 penam
644 2215 772 2279 euitare.

251 2315 333 2381 Item
356 2339 464 2382 omues
487 2322 519 2382 et
541 2319 660 2405 singuli
683 2319 829 2404 magistri
853 2320 899 2383 de
922 2319 1117 2404 regentia
1137 2317 1308 2395 facultatis,
1332 2317 1366 2380 in

164 2423 271 2488 eodem
293 2422 374 2488 festo
398 2422 428 2488 S.
453 2423 622 2488 Catharine
645 2425 794 2489 intersint
822 2424 1015 2508 processioni
1037 2422 1170 2499 solenni,
1205 2421 1263 2486 sub
1286 2443 1367 2504 pena

166 2527 382 2612 suspensionis
416 2549 435 2590 a
469 2529 612 2614 regentia
650 2551 705 2614 per
745 2530 903 2614 integrum
949 2551 1066 2593 annum
1108 2531 1139 2592 et
1176 2527 1365 2612 priuatiouis

165 2631 301 2716 prandij,
325 2631 386 2715 [ita
408 2633 490 2714 quod
513 2634 552 2698 ad
575 2633 759 2699 facultatem
783 2657 846 2698 non
871 2634 914 2698 sit
937 2633 1144 2717 recipiendae,
1168 2632 1264 2696 etiam
1287 2653 1365 2714 quo·

165 2759 298 2822 cumque
320 2737 412 2802 modo
434 2743 508 2802 ante
531 2740 675 2822 annum}

250 2839 332 2906 Item
366 2864 475 2906 omnes
511 2847 543 2908 et
577 2845 697 2930 singuli
731 2845 769 2909 de
803 2845 947 2930 regentia
977 2843 1138 2908 facultatis
1169 2841 1287 2906 artium
1315 2841 1366 2904 in-

164 2948 341 3034 gredientes
370 2949 601 3031 processionem
633 2950 788 3035 incipiant
816 2975 834 3014 a
866 2950 979 3028 choro,
1017 2947 1174 3012 redeundo
1202 2947 1303 3010 denuo
1327 2945 1367 3010 ad

166 3052 295 3116 eborum
317 3051 367 3114 vel
389 3054 541 3136 capellam
564 3054 797 3132 vniuersitatis,
830 3055 889 3118 sub
912 3077 994 3139 pena
1016 3052 1206 3137 priuationis
1229 3051 1365 3136 prandii.

255 3155 334 3220 ltem
364 3157 498 3222 decanus
529 3159 690 3224 facultatis
720 3159 838 3224 artium
867 3161 901 3224 in
929 3159 1039 3244 vigilia
1063 3155 1234 3221 Catharine
1257 3177 1313 3240 per
1335 3179 1368 3220 se

165 3262 270 3345 ipsum
295 3261 499 3326 collationem
520 3263 633 3341 iaciat,
667 3286 732 3328 non
760 3263 979 3329 substituendo
1003 3263 1100 3326 alium
1123 3262 1191 3324 sine
1213 3282 1367 3325 consensu

166 3366 344 3444 facultatis,
367 3367 426 3430 sub
450 3389 532 3452 pena
553 3369 645 3433 vnius
668 3369 778 3434 floreni
801 3369 875 3433 fisco
899 3369 1062 3433 facultatis
1085 3367 1202 3432 artium
1226 3365 1366 3429 irremis-

164 3471 301 3535 sibiliter
322 3471 475 3552 soluendi,
509 3478 540 3537 et
563 3473 703 3538 carentia
725 3473 845 3556 dirnidij
869 3473 990 3551 floreni,
1017 3493 1112 3555 quern
1135 3470 1213 3534 alias
1237 3469 1274 3534 de
1298 3471 1364 3534 col-

165 3576 285 3641 latione
307 3575 446 3642 haberet.
1126 3583 1131 3592 '

367 3750 423 3816 De
452 3753 647 3837 expensis
667 3753 710 3816 in
734 3753 844 3818 festo
867 3751 897 3819 S.
921 3749 1166 3817 Catharine.

255 3890 336 3957 Item
360 3891 496 3957 infesto
520 3891 690 3957 Catharine
721 3893 875 3957 habeatur
905 3893 1130 3977 prandium
1162 3893 1367 3970 moderatum,

168 3996 315 4081 expensis
337 3996 517 4077 facultatis,
542 3997 624 4082 quod
647 3997 839 4064 conducetur
863 4020 919 4083 per
946 3999 1096 4063 decanum
1123 4001 1154 4063 et
1176 3999 1368 4075 facultatem,

167 4102 336 4166 secundum
360 4103 442 4186 quod
465 4103 624 4168 videbitur
646 4103 724 4188 ipsis
747 4103 983 4188 congruentius

254 4205 337 4271 Item
359 4207 487 4272 domino
509 4206 626 4271 decano
649 4207 789 4272 medium
811 4207 932 4286 floreui,
956 4229 1013 4291 pro
1038 4207 1206 4274 collatione
1222 4207 1368 4273 habenda

166 4311 200 4376 in
222 4313 334 4397 vigilia
355 4312 386 4378 S.
411 4311 591 4377 catharine.

255 4415 336 4481 Item
359 4439 453 4482 vnum
475 4417 592 4482 libram
614 4438 702 4482 cerae
723 4441 781 4501 pro
804 4416 941 4483 candelis
964 4416 1177 4483 conficiendis.

254 4521 334 4586 Item
359 4523 530 4588 celebranti
553 4521 692 4587 officium
715 4524 748 4587 in
772 4523 822 4588 die
839 4522 871 4587 S.
896 4521 1074 4603 Catharine,
1098 4523 1175 4587 duos
1198 4519 1323 4600 solidos,

1107 4627 1162 4682 21*
