3462 5314
734 472 841 530 14118.

474 695 657 761 Ceterorum
680 699 915 783 suppositorum
940 701 1088 766 nomina:

210 838 238 897 1.
260 833 371 898 Frater
394 834 560 900 Udalricns
577 830 713 897 Plowlin
735 830 773 894 de
792 829 980 910 Gamundia,
1004 835 1091 918 prior
1113 836 1224 900 domus
1246 835 1382 902 fratrum

260 939 486 1005 heremitarum
507 940 573 1004 ord.
598 937 627 1004 S.
652 935 827 1021 Augustini
850 939 885 1001 in
909 937 1096 1024 aningen.

209 1046 238 1109 2.
261 1041 416 1110 Dominus
438 1043 490 1109 Oll
514 1046 552 1109 de
574 1041 810 1108 Steinbausssn.

178 1173 182 1184 ·
208 1155 237 1214 3.
261 1148 300 1214 D.
317 1149 410 1214 Oonr.
427 1150 551 1236 Brunig
566 1171 631 1214 sen.
650 1147 783 1212 decanus
799 1147 915 1211 ruralis
931 1151 963 1211 ct
978 1148 1131 1231 plebanus
1147 1149 1180 1214 in
1197 1149 1384 1237 Tilwingen.

207 1258 237 1317 4.
262 1251 300 1318 D.
326 1253 487 1320 00111611
509 1253 604 1318 Fabri
633 1252 787 1337 plebanus
816 1251 849 1315 in
874 1251 1063 1338 Boltringen
1093 1253 1193 1338 ipsius
1215 1256 1385 1322 decanatus

264 1359 378 1423 ruralis
402 1359 537 1424 decanus
560 1359 737 1422 modernus.

208 1468 237 1526 5.
261 1462 300 1527 D.
325 1461 486 1528 Jobannea
506 1461 602 1527 Ernst
618 1461 805 1548 Capellanus
828 1462 995 1548 hospitalis
1018 1463 1052 1526 in
1069 1463 1256 1552 Tilwingen,
1279 1489 1315 1532 ac
1338 1468 1385 1533 la·

261 1567 345 1632 brice
368 1573 547 1654 supratacto
569 1566 696 1632 ecclesie
719 1566 886 1652 collegiate
909 1573 1104 1658 prpcurator.

209 1675 237 1734 6.
262 1671 301 1736 D.
325 1671 486 1739 Conradns
509 1673 648 1738 Bochlin
670 1671 857 1757 Capelianus
880 1673 976 1738 castri
1003 1674 1035 1738 in
1062 1672 1248 1760 lbwingen.

209 1781 237 1840 7.
261 1775 300 1840 D.
317 1775 455 1843 Mathias
472 1777 564 1844 Horn
579 1776 761 1864 prothonot.
785 1782 817 1842 et
832 1778 988 1842 commiss.
1016 1800 1181 1844 causarum
1205 1780 1341 1845 matrim.

208 1886 237 1945 8.
261 1879 300 1944 D.
319 1881 412 1968 Greg.
440 1882 516 1968 May
538 1887 639 1948 notar.
673 1887 705 1948 et
727 1886 801 1948 rect.
826 1884 980 1950 scolarum
1004 1884 1243 1968 particularium
1265 1885 1298 1950 in
1322 1886 1387 1950 Tn-

263 1987 391 2073 wingen
413 1987 552 2072 civisque
568 1987 674 2054 Consl.
696 2010 859 2053 causarum
882 1989 1020 2053 matrim.
1045 1989 1201 2054 commiss·
1218 1991 1385 2075 generalis.

208 2096 237 2156 9.
259 2090 297 2157 D.
322 2091 484 2157 Jobannes
508 2075 595 2157 iiber
618 2093 832 2177 capellanus
823 2115 856 2158 m
880 2093 1118 2160 Schwertzlocb.

190 2200 237 2260 10.
261 2195 299 2260 D.
323 2195 441 2282 Oaspar
464 2197 628 2262 Motzbeck
650 2198 864 2282 primisserius
886 2199 921 2264 in
943 2197 1104 2264 Lustnow.

189 2300 299 2364 D.
312 2300 425 2366 Hainr.
443 2301 534 2368 Brait
535 2303 673 2368 tenstain
688 2303 869 2388 capellanus
885 2303 969 2388 apud
985 2302 1015 2368 S.
1025 2302 1160 2369 Jacob.
1151 2327 1185 2366 in
1198 2257 1384 2388 Ttiwingen.

189 2305 237 2470 12.
262 2403 301 2470 D.
325 2404 461 2471 Jodocus
477 2406 629 2471 Widman
653 2407 691 2471 de
707 2393 766 2472 bu
752 2407 874 2492 tlingen
897 2407 1034 2472 vicarius
1057 2407 1237 2492 supradicte
1260 2407 1387 2472 ecclesie

263 2510 458 2596 collegiata
449 2533 484 2574 1n
508 2511 693 2598 Tltwingen.

187 2619 236 2678 13.
261 2614 299 2678 D.
325 2614 457 2682 Gentius
481 2615 599 2682 Kenlin
622 2618 660 2683 de
682 2616 839 2702 Magstatt
862 2616 961 2700 ipsius
984 2617 1111 2682 ecclesie
1133 2616 1278 2682 vicarius.

187 2725 236 2783 14.
260 2718 299 2783 D.
323 2719 459 2785 Jodocus
482 2721 590 2786 Meter
614 2722 651 2786 tle
673 2720 760 2785 Wila
781 2720 916 2785 vicarius
939 2720 1078 2786 eiusdem
1100 2720 1236 2786 ecclesie.

187 2829 235 2888 15.
260 2823 298 2889 D.
316 2825 473 2891 Micbahel
489 2826 556 2890 Oun
581 2827 618 2891 de
633 2825 811 2912 Riitlingen
826 2825 927 2890 socius
950 2825 1132 2892 diuinorum
1147 2825 1182 2890 in
1198 2825 1384 2910 Tilwingen.

186 2932 235 2993 16.
258 2928 297 2993 D.
321 2929 487 2996 Jonnnnas
501 2931 613 2996 Annua
637 2931 811 3016 presbyter.

188 3040 237 3099 17.
262 3036 302 3102 D.
327 3037 483 3102 Rudolfus
507 3037 634 3101 Kflrner
657 3035 831 3121 presbyter.

187 3145 235 3206 18.
258 3140 298 3205 D.
321 3141 490 3208 Vdalricns
504 3141 669 3206 Brtichsell
692 3142 811 3206 artium
832 3141 916 3204 baec.
942 3139 1122 3223 capellanus
1145 3140 1177 3202 in
1194 3139 1382 3223 Tflwingen.

186 3251 234 3310 19.
259 3243 298 3312 D.
323 3244 492 3311 Bulthazar
516 3246 697 3311 Mollitoris.

183 3355 234 3414 20.
257 3349 297 3415 D.
321 3350 480 3416 Micbahel
500 3352 626 3416 Riiclrer
649 3350 784 3415 vicarius
806 3353 979 3434 perpetuus
1002 3348 1036 3412 in
1059 3347 1217 3433 liningen.

183 3458 234 3519 21.
257 3454 331 3520 lob.
355 3455 510 3522 Scharner
543 3456 622 3520 alias
645 3454 725 3519 Bart
752 3455 789 3518 de
812 3453 987 3538 Tfiwingen
1020 3456 1206 3536 procurator
1239 3451 1384 3516 foraneus

261 3562 398 3627 civitatis
421 3561 607 3647 episcopalis
631 3559 891 3626 Constantiensis.

184 3671 234 3731 22.
259 3666 400 3733 Gsoarus
423 3666 613 3732 Ezncrrrsms
636 3666 673 3729 de
697 3663 881 3750 Ttlwingen.

182 3826 391 3837 ---..-..

252 3895 275 3948 2.
296 3893 358 3951 Von
382 3894 499 3949 anderen
518 3891 602 3947 Hand
620 3890 817 3960 hineingefogt
842 3887 900 3942 und
925 3887 1011 3942 kaum
1035 3884 1178 3949 leserlich,
1206 3882 1336 3939 desshalb
1353 3882 1384 3938 in

182 3978 282 4036 beiden
299 3981 479 4036 Abschriften
497 3979 555 4034 und
573 3997 628 4035 von
647 3975 758 4032 Orusius
776 3975 963 4045 ausgelassen.
986 4004 1014 4014 -
1035 3974 1059 4027 3.
1075 3969 1162 4027 beisst
1179 3969 1210 4024 in
1229 3969 1304 4025 einer
1317 3970 1383 4025 Urk.

83 4105 87 4112 -
182 4067 230 4122 der
248 4067 421 4138 Augustiner
438 4068 468 4124 in
478 4068 509 4122 T.
520 4067 599 4123 Conr.
618 4062 727 4133 Brunig
744 4061 977 4132 deOfftertingen
988 4061 1063 4114 1486.
1083 4089 1115 4099 -
1133 4059 1159 4112 7.
1177 4074 1233 4112 von
1242 4056 1384 4126 Eltingcn

181 4155 310 4225 prothon.
329 4157 544 4227 inStnttgart†
560 4156 633 4210 1505.
671 4152 704 4205 D.
718 4153 759 4205 13.
778 4181 808 4191 -
828 4150 852 4203 8.
873 4144 1095 4208 1111Η1111111,
1116 4145 1184 4198 1463
1202 4144 1232 4196 in
1242 4142 1384 4211 Freiburg.

182 4273 215 4281 —
240 4244 282 4297 ll.
299 4243 436 4299 Chorberr
450 4243 481 4298 in
499 4243 567 4297 Tnb.
587 4242 662 4296 1194.
682 4271 711 4280 -
736 4239 775 4292 16.
792 4237 822 4291 in
838 4236 905 4290 Mfa.
926 4233 1048 4289 schreibt
1065 4249 1096 4286 er
1114 4230 1172 4285 sich
1188 4231 1204 4284 J
1212 4228 1386 4298 o.Aquilae

182 4346 237 4384 von
255 4329 330 4397 Hnll,
350 4331 436 4385 daber
455 4331 525 4385 anch
542 4328 728 4384 Halisstus.
772 4324 796 4379 J.
814 4323 848 4378 U.
866 4323 899 4376 Ι).
919 4321 994 4377 Veri.
1020 4321 1094 4375 einer
1113 4315 1216 4372 Schrift
1243 4315 1277 4369 de
1294 4316 1386 4385 potcs-

182 4417 243 4471 tate
261 4421 438 4473 monetarum
465 4418 522 4472 und
548 4419 622 4474 eines
641 4413 821 4471 Enchiridion
839 4415 874 4468 de
891 4409 966 4466 omni
985 4406 1115 4464 ludorum
1130 4419 1239 4475 genere.
1275 4400 1386 4470 Gegner

182 4501 232 4556 der
249 4503 451 4564 Reformation.
472 4539 502 4547 —
526 4508 565 4561 18.
587 4508 654 4561 1164
671 4503 701 4559 in
718 4502 863 4571 Freiburg.
