3320 5308
671 498 755 556 1666·
1253 498 1317 564 649

188 661 265 725 ilem
299 682 398 724 unum
420 659 573 724 florenum
597 657 853 746 prolocutione,
885 662 934 723 esl
957 661 1061 722 autem
1087 679 1155 723 ean.
1179 656 1316 744 August.

191 765 264 831 eecl.
289 764 485 830 cathedralis.
985 783 990 792 ’

200 922 265 987 Sub
288 927 447 988 rectoratu
469 923 577 988 eximii
603 923 664 987 viri
687 921 848 988 Jouaums
873 921 1101 989 Ksuesunmsn
1127 921 1203 986 dieti
1227 921 1316 1008 King

115 1013 313 1114 lillingensis
337 1027 431 1092 Sueui
455 1029 572 1092 arbium
594 1027 774 1091 liberalium
799 1030 830 1091 eb
843 1025 874 1092 J.
892 1025 930 1092 V.
957 1027 995 1090 D.
1013 1025 1101 1092 Sexti
1125 1031 1156 1091 eb
1172 1027 1316 1092 Clemen-

115 1134 255 1197 linarum
277 1132 429 1196 ordinarii
453 1132 515 1196 fuit
537 1132 726 1196 uniuersilas
756 1132 938 1218 disgregata
970 1137 1100 1217 propter
1122 1131 1226 1196 morbi
1250 1131 1316 1216 epi-

114 1238 222 1302 demiae
245 1259 299 1302 seu
322 1237 420 1322 peslis
444 1235 584 1321 pericula
614 1241 646 1300 eb
669 1235 772 1300 Bursa
804 1236 1009 1320 antiquorum
1038 1235 1106 1300 siue
1128 1235 1261 1300 realium
1283 1234 1316 1299 in

114 1343 292 1427 Blapeuren
315 1342 417 1407 Bursa
447 1342 669 1406 modernorum
702 1363 755 1406 seu
789 1341 997 1405 nominalium
1029 1341 1063 1405 in
1088 1339 1183 1406 Nouo
1206 1341 1318 1406 Castro
1398 1421 1402 1430 ι

114 1446 340 1533 [Neuenblirg]
372 1449 439 1532 ipse
462 1469 536 1512 vero
560 1447 675 1512 Rector
698 1449 732 1511 in
757 1445 980 1534 Offbertingen.
1033 1445 1075 1511 Et
1097 1452 1174 1511 tune
1196 1469 1215 1511 a
1237 1447 1318 1510 festo

113 1553 143 1618 S.
160 1553 243 1618 Luce
265 1576 293 1618 a.
317 1539 429 1618 salutis
452 1556 737 1618 restauratae1530
760 1553 917 1617 intitulati
940 1557 1014 1618 sunl
1029 1555 1195 1636 sequentes
1219 1572 1316 1636 usque

117 1660 155 1724 ad
179 1660 294 1724 festum
318 1657 349 1723 S.
373 1657 456 1723 Luce
484 1663 574 1724 1531.

138 1824 165 1882 1.
189 1817 345 1903 Georgius
367 1816 475 1882 Piebor
496 1839 533 1881 ex
557 1815 705 1902 Ebingeu
729 1815 965 1901 Ludimagisber
997 1817 1030 1880 in
1054 1817 1230 1882 Plabeuren
1254 1816 1315 1882 ibi·

192 1925 261 1988 dem
287 1921 470 1986 intitulatus
493 1926 541 1985 est
564 1927 614 1986 25.
639 1921 707 1987 Oet.
732 1945 789 2007 per
812 1922 856 1986 M.
881 1921 976 1986 Marl.
1001 1921 1151 2010 Kbgelin.

139 2035 167 2093 2.
192 2027 329 2094 lacobus
344 2026 555 2092 Sebuindelin
572 2027 785 2114 Tubingensis
808 2029 916 2094 eodem
933 2028 982 2092 die
1006 2027 1188 2092 intitulatus
1211 2031 1259 2092 esb
1282 2027 1315 2090 in

192 2132 285 2198 Nouo
309 2132 418 2198 Castro
440 2156 497 2218 per
521 2133 564 2198 Μ.
588 2131 618 2198 J.
643 2134 799 2198 Stlirmlin
825 2157 862 2198 ex
887 2133 1097 2219 Biettighain.

138 2248 166 2306 3.
190 2237 352 2304 Johannes
376 2237 446 2324 Epp
470 2262 507 2304 ex
530 2237 622 2304 Nouo
645 2240 756 2305 Castro
780 2241 896 2305 ibidem
920 2262 976 2324 per
999 2239 1133 2304 eundem
1156 2243 1196 2302 26
1220 2235 1290 2302 Oct.

138 2351 167 2409 4.
193 2343 415 2428 Orisbophorus
437 2343 610 2409 Werlwein
636 2343 835 2410 Pborlaensis
860 2367 916 2429 per
940 2344 1073 2408 eundem
1097 2341 1186 2408 inN.
1205 2343 1317 2408 Castro

198 2457 210 2514 l
239 2448 312 2514 Dec.

525 2595 531 2605 ·
609 2555 704 2618 Anno
728 2551 821 2618 1531.

138 2669 166 2728 6.
194 2661 283 2726 Dom.
307 2657 568 2725 J0d0011sFinck
598 2659 635 2723 de
667 2658 873 2744 Genekingen
906 2659 1047 2725 sacerdos
1080 2657 1113 2720 in
1139 2655 1316 2721 Plabeuren

191 2789 247 2850 per
273 2765 412 2851 Kugelin
441 2770 477 2829 18
494 2765 565 2830 Jan.
596 2773 606 2830 l
634 2787 658 2828 s.

136 2879 164 2936 6.
190 2872 343 2937 Melebior
365 2870 444 2935 Erer
475 2893 513 2936 ex
536 2870 695 2956 Hailprun
725 2893 782 2956 per
806 2870 849 2936 M.
875 2869 969 2936 Mart.
1003 2868 1143 2956 Kligelin
1175 2865 1208 2931 in
1241 2864 1314 2930 Pla·

186 2979 303 3042 beuren
328 2981 346 3040 6
370 2976 489 3040 Martii.

136 3089 163 3148 7.
188 3083 359 3148 Hainrieus
383 3081 470 3147 Gilbz
491 3103 528 3146 ex
552 3081 751 3167 Diettlingen
781 3104 837 3168 per
860 3082 904 3147 M.
928 3080 958 3146 J.
983 3077 1131 3145 Sbirmlin
1163 3079 1194 3142 in
1220 3074 1314 3142 Nouo

190 3187 300 3254 Oaslro
328 3193 364 3252 15
388 3186 466 3272 Apr.

388 3361 453 3426 Sub
478 3366 599 3428 rectore
621 3385 718 3447 supra
740 3363 859 3446 scripto
882 3363 1039 3448 Tubinge.

139 3499 791 3586 1.JoannesAltwegeroonstantiensis
817 3508 832 3566 1
858 3500 944 3567 Maii.
1005 3483 1009 3493 ⁹
1043 3573 1046 3578 ,

136 3615 165 3673 2.
189 3607 393 3672 Sebastianus
416 3605 527 3671 Haller
548 3629 586 3671 ex
609 3606 705 3694 suge
735 3613 780 3672 16.
1012 3610 1014 3616 ’

136 3721 164 3778 3.
189 3711 351 3780 Conradus
375 3711 487 3776 Haller
509 3733 547 3776 ex
570 3711 667 3797 selgo
692 3719 740 3777 19.

139 3823 169 3883 4.
193 3818 340 3882 Matheus
363 3817 451 3882 Biler
472 3817 760 3902 Hemenbergeusis
786 3825 835 3883 16.

134 3927 163 3988 5.
189 3921 350 3988 Conradus
373 3921 519 3987 Krenner
542 3923 579 3986 de
606 3921 775 4008 Elsslingen
801 3928 851 3987 22.

133 4035 163 4094 6.
187 4027 337 4092 Nicolaus
360 4027 473 4092 Sebaid
497 4049 534 4091 ex
559 4028 697 4114 Hagnau
721 4030 821 4111 (baec.
848 4028 999 4112 heidelb.)
1026 4032 1077 4093 30.
1137 4032 1143 4037 “

132 4139 161 4198 7.
186 4133 337 4198 Alberlus
361 4132 585 4218 Roteupurger
609 4133 847 4219 Thbbiugensis
873 4137 924 4198 30.

131 4244 161 4303 6.
188 4237 324 4302 Michael
347 4236 452 4302 Friess
475 4259 512 4302 ex
538 4238 686 4303 Baskana
713 4248 721 4304 1
753 4233 854 4303 Junii.

133 4348 162 4408 9.
187 4342 323 4408 Jaeobus
347 4342 490 4408 Stehelin
514 4343 554 4409 de
576 4343 784 4431 Sbudlgardia
808 4347 859 4407 26.

183 4570 208 4623 6.
225 4568 263 4623 Μ.
282 4569 314 4623 A.
337 4570 412 4625 1534.
