3460 5314
679 452 795 508 Statuta
815 452 892 508 1538.
1322 453 1383 518 271

187 614 345 690 tribuere,
375 609 567 695 Theulugiae
600 610 783 674 candidatus
806 610 840 674 in
863 609 969 674 album
997 629 1166 688 recensere.
1213 607 1390 674 Consilium

185 739 315 803 cogere,
339 716 513 781 sententias
535 735 666 801 rugare,
696 737 776 798 quae
798 715 950 779 memoria
979 714 1193 779 conseruanda
1215 714 1247 778 in
1271 715 1388 780 librum

184 825 377 890 statutorum
400 820 527 897 referre,
552 820 590 886 de
612 819 754 905 pecuniis
778 821 910 902 receptis
932 819 1029 884 fidam
1052 818 1206 884 rationem
1228 818 1366 884 reddere.

274 925 468 997 sinoponus
491 925 636 992 officium
660 947 751 990 suum
769 946 910 990 exeruere
924 922 1113 1008 nequiuerit,
1138 922 1218 986 alius
1241 923 1387 1008 eligatur.

188 1031 222 1097 Si
247 1054 321 1097 veru
343 1030 520 1124 abeundum
543 1031 571 1094 ei
595 1031 656 1108 sit,
679 1031 762 1094 vices
785 1031 972 1115 praecedens
995 1033 1095 1115 gerat.
1142 1027 1266 1093 Funutu
1288 1027 1393 1093 officio

185 1158 301 1202 munus
323 1135 472 1202 facultati
494 1136 668 1220 resignato,
693 1136 863 1202 successori
887 1135 1043 1200 rationem
1066 1125 1225 1198 reddita

539 1309 596 1374 De
616 1311 710 1375 vita
733 1315 773 1376 et
796 1310 1037 1394 honestate.

275 1450 393 1518 Omnes
416 1451 558 1516 homines
581 1452 729 1516 honestas
753 1456 784 1516 et
807 1453 899 1517 decus
922 1450 1018 1526 decet,
1043 1449 1118 1514 hine
1132 1448 1218 1532 leges
1240 1448 1386 1527 traditae,

185 1561 221 1620 vt
244 1557 299 1641 qui
321 1578 431 1642 parere
462 1556 600 1621 libenter
631 1557 806 1633 voluerint,
838 1554 998 1630 meliores,
1032 1553 1087 1638 qni
1110 1553 1282 1630 noluerint,
1306 1557 1390 1618 certe

189 1682 255 1729 nou
279 1662 448 1728 deteriores
474 1661 624 1728 uuheruiti
647 1661 757 1745 poenis
772 1660 960 1728 efficiantur.
1007 1656 1198 1744 'theologiae
1222 1681 1297 1724 vero
1319 1662 1387 1724 stu·

189 1766 291 1830 diosus
321 1763 520 1830 honestatem
551 1770 584 1830 et
614 1765 757 1833 decorem
787 1765 924 1832 maxime
954 1785 1079 1828 seruare
1102 1767 1245 1848 oportet,
1275 1767 1312 1828 ut
1334 1763 1389 1828 lux

187 1893 294 1936 eurum
326 1893 434 1966 curam
462 1871 644 1936 hominihus
669 1872 714 1935 sic
736 1872 854 1949 luceat,
886 1873 922 1933 ut
945 1871 1184 1953 paternoster,
1209 1867 1264 1952 qni
1286 1871 1334 1932 est
1356 1869 1390 1932 in

186 1975 292 2053 coelis,
315 1999 334 2039 a
356 1976 480 2042 cunctis
501 1977 715 2062 glorificetur,
738 1980 771 2040 et
801 1997 841 2038 ne
863 1995 978 2039 nomen
1000 1972 1060 2038 Dei
1082 1993 1187 2038 coram
1209 1963 1392 2038 huminibus

186 2081 295 2145 audiat
317 2083 408 2145 male.
454 2080 682 2146 Communibus
718 2081 818 2165 igitur
851 2080 889 2144 de
920 2079 1084 2144 honestate
1105 2076 1191 2141 vitae
1213 2081 1245 2141 et
1266 2099 1390 2142 morum

185 2185 382 2250 scholasticis
415 2185 537 2270 legibus
572 2189 604 2250 ct
633 2186 695 2270 ipsi
726 2188 896 2262 tenentur,
932 2187 965 2248 et
997 2187 1088 2248 tantu
1117 2182 1237 2266 magis,
1270 2186 1390 2265 quanto

185 2291 257 2375 plus
278 2293 425 2357 honestas
456 2311 507 2354 eus
536 2291 642 2369 decet,
676 2294 926 2376 transgressores
948 2288 1120 2354 secundum
1146 2307 1305 2351 excessum
1328 2309 1387 2371 pu·

184 2397 325 2462 niuntur.

397 2566 1185 2654 Dehisquigradumlacerevulunt.
1269 2619 1276 2630 .

274 2706 468 2792 Arrogantia
500 2706 699 2792 ignorantiae
729 2727 847 2782 comes,
879 2705 969 2769 radix
992 2709 1041 2769 est
1070 2705 1209 2770 ornnianr
1239 2724 1388 2771 errorum.

186 2811 289 2878 Nemo
303 2813 404 2897 igitur
419 2811 573 2889 inductus,
597 2811 764 2897 imperitus
779 2811 818 2875 ad
840 2810 1027 2888 honores,
1051 2810 1235 2896 ignorantia
1256 2811 1390 2895 pecunia

186 2918 358 3001 redempta,
383 2915 435 2980 sed
457 2915 694 2979 commendatus
717 2915 835 2979 virtute
857 2923 889 2981 et
911 2913 1087 2978 eruditione
1109 2936 1166 2978 sua
1188 2913 1385 2978 admittatur.

273 3020 537 3085 Candidatus
560 3017 841 3104 Theulugiae,
873 3039 1027 3082 consensu
1058 3017 1157 3083 totius
1180 3017 1389 3103 Theologicae

185 3127 347 3193 facultatis
376 3124 520 3202 consilii,
554 3123 712 3207 specimen
736 3122 899 3208 publicum
929 3123 1056 3207 publica
1078 3123 1294 3208 disputatione
1315 3145 1389 3187 suae

187 3232 374 3300 eruditionis
397 3232 480 3296 dato„
527 3228 648 3293 Deinde
679 3229 861 3292 inscribitur
892 3228 964 3292 albo
994 3227 1165 3292 facultatis.
1212 3225 1302 3291 Libri
1326 3227 1387 3291 duo

87 3376 90 3382 ·
186 3361 225 3405 ex
248 3338 347 3404 veteri
377 3359 412 3401 au
444 3356 528 3400 nouo
553 3334 758 3398 Testamentu
781 3333 1000 3418 assignantur,
1035 3355 1114 3415 quus
1144 3331 1269 3415 publice
1293 3330 1389 3415 profi·

185 3450 300 3521 teatur,
324 3443 384 3508 fide
406 3442 480 3506 datu
503 3439 672 3524 inprimis,
696 3438 836 3503 triennio
859 3439 885 3502 si
908 3437 1060 3522 magister
1081 3436 1187 3514 fuerit,
1212 3436 1261 3500 sin
1285 3437 1390 3500 minus

186 3548 392 3634 quadriennio
415 3569 448 3612 se
470 3545 613 3611 studiose
634 3545 804 3630 diligenter
826 3543 1021 3608 Professores
1044 3563 1203 3607 sacrarum
1225 3542 1390 3606 literarum

186 3656 360 3732 audivisse,
395 3654 571 3738 neglexisse
600 3650 695 3715 huius
726 3649 888 3714 doetrinae
917 3649 1010 3714 hores
1029 3647 1151 3714 nullas.
1199 3645 1288 3712 Etsi
1312 3669 1390 3730 quas

186 3759 381 3846 neglexerit,
412 3761 539 3834 narret,
574 3757 628 3821 det
657 3777 714 3840 pru
738 3755 891 3840 neglectis
924 3775 1066 3838 poenam.
1114 3741 1389 3836 [lisputationibus

172 3866 368 3932 interfuisse
390 3864 430 3928 ab
455 3863 547 3926 initio
573 3862 732 3926 adfinem
755 3883 863 3943 usque.
909 3858 977 3925 Nec
998 3859 1288 3936 baccalaureorum,
1313 3878 1390 3942 quos

185 3975 310 4051 vocant,
335 3970 486 4036 lectiones
510 3967 738 4052 contempsisse
761 3965 815 4030 sed
838 3965 1051 4050 compleuisse.
1100 3961 1103 3968 ’

666 4139 913 4207 Sacramentum.

274 4285 365 4350 Velle
388 4285 509 4368 optima
530 4281 602 4359 fide,
626 4303 748 4346 summo
771 4278 875 4344 studio
898 4277 994 4343 saeris
1015 4277 1217 4355 incumbere,
1241 4299 1391 4364 germane

185 4392 407 4477 interpretari,
438 4387 699 4473 Praeceptorihus
726 4385 873 4462 obedire,
910 4383 1052 4450 debitum
1080 4384 1231 4449 honorem
1261 4383 1391 4459 deferre,

186 4499 256 4585 paci
277 4497 412 4576 studere,
436 4497 586 4561 aduersus
609 4513 715 4559 veram
731 4491 852 4557 Christi
871 4489 1057 4576 religionem
1077 4489 1158 4554 nihil
1174 4489 1292 4571 ducere,
1317 4488 1392 4553 hae-
