3460 5314
697 455 813 513 sutura
832 460 909 514 1495.
1338 469 1400 534 277

201 633 260 698 pro
284 615 482 682 examinibus
504 619 537 680 et
558 616 603 681 eis
625 616 805 682 satisfacere
828 618 902 684 Alia
917 641 990 685 vero
1013 621 1120 686 omnia
1141 623 1317 709 cuicunque
1339 629 1403 692 sol-

200 719 303 783 uenda
327 723 400 785 ante
423 722 653 805 promotionem
670 721 838 806 publicam.
871 723 1012 808 alioquin
1029 729 1193 808 promotor
1209 728 1314 810 ipsum
1338 755 1402 798 non

201 829 396 908 promoueat.

291 928 373 994 Item
396 931 627 998 decanusante
649 937 755 1000 actum
777 935 900 1000 auisare
915 934 1007 1000 debet
1023 940 1253 1020 promouendos
1275 942 1321 1007 de
1344 943 1400 1008 lo-

199 1034 387 1114 catione,
410 1036 437 1100 si
460 1038 555 1102 simul
577 1039 683 1122 plures
709 1040 918 1123 promouendi
940 1043 1030 1118 sunt,
1054 1063 1106 1106 eos
1128 1041 1329 1113 inscribendo
1352 1071 1401 1113 se·

199 1140 337 1204 cundum
359 1140 503 1206 ordinem
525 1146 558 1206 et
580 1143 780 1209 locationem.

288 1243 463 1308 Statuimus
486 1246 583 1310 etiam
599 1247 681 1331 quod
698 1249 832 1312 decanus
850 1248 883 1310 in
900 1248 967 1312 die
982 1245 1085 1314 Iuon
1096 1250 1133 1314 is
1158 1252 1222 1335 (die
1241 1256 1290 1319 19.
1308 1255 1400 1342 Maii)

199 1347 296 1412 faciat
319 1349 468 1414 celebrari
492 1352 619 1416 missam
642 1353 676 1417 in
699 1354 819 1438 capella
841 1354 1077 1432 uniuersitatis,
1112 1357 1151 1420 ad
1175 1381 1269 1442 quam
1292 1383 1400 1428 omnes

198 1454 340 1519 doctores
363 1455 542 1522 licentiatos
564 1462 597 1523 et
618 1459 752 1524 scolares
776 1463 874 1537 vocet,
899 1463 932 1523 vt
954 1460 983 1524 ei
1008 1460 1165 1526 intersint.

623 1649 681 1714 De
702 1651 981 1716 lectionibus.

286 1786 461 1854 Statuimus
484 1795 519 1854 vt
543 1791 676 1876 quilibet
698 1793 807 1857 doctor
834 1790 995 1856 facultatis
1024 1792 1233 1874 stipendiatus
1265 1795 1401 1881 singulis

198 1891 307 1956 diebus
331 1894 464 1978 priuatis
487 1919 582 1961 vnam
605 1897 772 1962 lectionem
796 1897 882 1982 legat
897 1896 1069 1960 secundum
1084 1901 1226 1962 tenorem
1249 1921 1303 1963 sue
1325 1922 1399 1964 con-

200 1996 359 2062 ductionis
381 2021 416 2063 ac
439 2000 525 2064 horis
548 2024 567 2066 a
590 2001 739 2068 facultate
762 2001 989 2081 determinatis,
1014 2003 1152 2086 exceptis
1172 2005 1398 2070 vacationibus.

567 2223 805 2309 Sequuntur
827 2225 1025 2290 vacantia.

282 2397 363 2463 Item
387 2423 407 2464 a
428 2400 508 2464 festo
521 2399 641 2464 Thome
663 2399 797 2485 apostoli
821 2421 919 2483 vsque
936 2397 1114 2483 Epiphania
1129 2400 1212 2466 dom.
1238 2403 1289 2469 Ab
1304 2403 1397 2469 Esto·
1526 2473 1531 2484 ,

194 2503 275 2568 mihi
297 2524 394 2588 vsque
416 2504 455 2568 ad
479 2504 669 2569 dominicam
685 2502 848 2568 Invocavit
870 2503 900 2568 A
923 2504 1083 2569 dominica
1106 2506 1285 2590 palmarum
1301 2530 1398 2593 usque
1469 2557 1476 2571 .

195 2609 235 2673 ad
257 2613 383 2674 octenas
406 2631 496 2694 pasce
519 2609 549 2674 A
570 2610 728 2674 dominica
750 2630 858 2673 vocem
873 2609 1077 2673 iocunditatis
1097 2609 1105 2644 ¹
1130 2632 1229 2695 vsque
1252 2613 1290 2677 ad
1315 2613 1397 2678 diem

195 2713 308 2779 Martis
344 2719 416 2798 post
438 2713 607 2779 Trinitatis
637 2713 719 2779 Item
749 2715 964 2779 nundinarum
993 2737 1116 2799 semper
1144 2739 1201 2800 per
1232 2718 1309 2782 duos
1332 2719 1396 2782 dies

194 2818 225 2883 A
246 2817 328 2882 festo
349 2817 539 2884 Natiuitatis
562 2819 663 2884 Marie
694 2819 854 2902 usquead
878 2818 994 2882 festum
1018 2817 1102 2884 Luce
1125 2821 1317 2907 evangeliste
1341 2845 1398 2906 pro

195 2927 336 3008 tempore
371 2924 555 2988 autumnali.
603 2923 742 3008 Excepta
767 2923 861 2986 etiam
893 2923 1037 2986 volumus
1061 2946 1127 2988 esse
1158 2926 1239 2990 festa
1268 2927 1395 3012 collegii

193 3029 338 3094 videlicet
359 3029 476 3094 festum
498 3029 657 3094 Kathedre
680 3028 784 3106 Petri,
816 3027 962 3113 Gregorii
985 3049 1082 3112 pape,
1113 3027 1293 3110 Ambrosii,
1326 3031 1397 3095 Tri-

194 3135 315 3213 nitatis,
339 3133 468 3212 Iuonis‚
497 3134 688 3199 visitationis
710 3133 811 3198 Maris
832 3137 864 3196 et
887 3133 914 3196 si
937 3133 1023 3197 aliud
1053 3134 1244 3200 Vniuersitas
1273 3135 1399 3200 duxerit

195 3239 382 3318 feriandum,
406 3241 550 3305 undecim
573 3239 710 3304 millium
732 3238 903 3323 virginum,
927 3237 1151 3320 Conceptionis
1175 3243 1207 3302 et
1229 3245 1392 3324 presenta-

191 3342 287 3408 tionis
319 3345 410 3410 beate
431 3345 531 3410 Maria
552 3344 687 3430 virginis
714 3343 854 3408 Adiectis
880 3342 1002 3426 quintis
1030 3341 1137 3421 feriis,
1174 3365 1245 3408 eum
1268 3345 1397 3430 integra

193 3448 291 3513 fuerit
321 3450 513 3533 septimana,
548 3472 627 3534 quas
661 3449 830 3514 statuimus
863 3447 1022 3513 feriendas
1057 3449 1289 3514 nonobstante
1313 3450 1396 3533 quod

193 3553 300 3618 eadem
322 3555 501 3638 septimana
523 3555 607 3619 aliud
630 3555 747 3620 festum
769 3553 915 3618 hebuerit
938 3557 1068 3637 propter
1091 3553 1339 3636 disputationem
1360 3553 1395 3618 in

193 3658 300 3741 aliqua
321 3659 476 3743 superiori
506 3659 657 3724 facultate
687 3658 875 3723 celebratam
901 3659 951 3722 vel
973 3656 1176 3723 collationem
1200 3658 1316 3723 laetam
1339 3662 1395 3723 aut

192 3763 321 3828 missam
344 3765 562 3829 vniuersitatis
585 3764 737 3830 habitam.

280 3869 400 3936 Statuit
421 3873 562 3954 preterea
585 3869 667 3953 quod
683 3868 731 3932 illi
747 3867 802 3951 qui
818 3866 932 3931 debent
948 3867 1098 3932 interesse
1113 3867 1292 3932 examini
1316 3867 1395 3952 pri-

191 3979 307 4054 uato,
338 3998 403 4040 non
430 3975 495 4039 sint
524 3974 646 4038 astricti
675 3972 732 4036 illa
763 3971 813 4036 die
843 3973 882 4036 ad
903 3973 1073 4057 legendum
1095 3971 1138 4036 Et
1161 3973 1386 4038 nichilominus

192 4082 309 4146 festum
332 4082 470 4146 habeant
493 4079 583 4146 Jouis
606 4079 649 4144 Et
671 4079 754 4143 idem
785 4077 910 4162 quando
939 4077 1124 4142 licentiandi
1156 4078 1207 4143 vel
1229 4079 1392 4143 baccalau-

191 4185 301 4250 reandi
324 4187 544 4250 examinantur
566 4187 617 4251 vel
632 4186 773 4250 doctores
789 4181 946 4247 licentiati
960 4181 1110 4268 Magistri
1133 4182 1183 4246 vel
1198 4182 1394 4250 baccalaurei

192 4292 226 4355 in
249 4290 462 4375 superioribus
485 4290 690 4355 facultatibus
712 4288 968 4371 promoueantur.

192 4439 390 4452 ’,Ἃ

263 4502 276 4556 1
300 4517 358 4556 sva.
395 4501 514 4570 Rogata.
