3460 5314
334 431 397 494 344
792 426 924 482 Facultas
943 425 1062 481 Artium.

332 589 408 655 duos
432 611 555 654 menses
578 587 758 652 redimendo
780 585 987 651 satisfaciant
1026 585 1115 663 Quod
1131 587 1157 651 si
1172 586 1287 672 aliquis
1303 587 1407 652 dolose
1422 611 1454 653 se
1469 610 1533 652 non

332 695 518 760 inscriberet
551 697 583 759 et
616 693 757 758 cedulam
786 691 1015 776 recognicionis
1051 714 1115 757 uon
1146 693 1316 776 reciperet,
1350 697 1405 757 aut
1439 695 1535 759 etiam

330 800 486 886 Magistro
510 821 572 863 uon
598 797 808 876 satisfaceret,
833 797 934 861 eidem
958 796 1039 861 liber
1063 797 1117 862 ille
1140 819 1199 881 pro
1222 797 1330 862 audito
1352 819 1417 862 non
1440 821 1534 882 repu-

331 911 417 972 tetur
438 904 633 987 eundemque
658 903 766 968 audire
788 905 934 967 teneatur
955 906 987 966 et
1001 901 1228 967 nichilominus
1244 900 1400 987 Magistro
1415 902 1536 989 legenti

332 1012 366 1075 iu
389 1010 515 1095 integro
537 1012 633 1093 pastu
656 1008 698 1072 sit
720 1007 889 1093 obligatus.

422 1218 504 1282 Item
533 1218 751 1284 baccalaureus
778 1238 834 1280 nec
856 1214 1071 1279 mordacia
1093 1236 1150 1278 neo
1179 1214 1381 1299 punctiua
1411 1217 1536 1282 uerba

336 1323 401 1388 suis
424 1323 636 1409 positionibus
659 1324 788 1400 inserat,
812 1323 844 1386 et
865 1320 948 1384 idem
971 1319 1009 1383 de
1025 1319 1235 1384 baccalaureis
1256 1323 1463 1406 arguentibus
1485 1323 1536 1386 in-

335 1428 519 1514 telligatur,
553 1428 635 1492 sicut
666 1449 763 1512 supra
790 1427 824 1490 iu
855 1429 975 1490 statuto
1008 1426 1046 1489 de
1076 1424 1290 1509 disputatione
1312 1428 1536 1512 magistrorum

335 1534 516 1598 ordinatum
540 1537 597 1610 est,
622 1533 681 1597 sub
705 1553 788 1618 pena
810 1531 917 1596 eadem
942 1530 1056 1594 ibidem
1081 1534 1241 1594 contenta.

420 1637 539 1702 Statuit
562 1637 715 1716 facultas,
748 1637 831 1721 quod
861 1635 996 1720 quilibet
1018 1635 1179 1721 complens
1209 1635 1248 1700 ad
1278 1637 1411 1722 gradum
1434 1639 1537 1724 magi-

335 1742 422 1826 sterij
446 1741 595 1806 astrictus
612 1741 655 1805 sit
671 1741 709 1806 ad
725 1742 831 1805 minus
854 1741 920 1804 bis
943 1740 1285 1805 extraordinarie
1308 1743 1546 1826 presidere‚'

333 1849 476 1929 tempore
510 1868 571 1930 quo
603 1845 681 1910 alias
714 1869 778 1910 non
810 1846 968 1911 habentur
991 1845 1149 1909 ordinarie
1171 1846 1338 1926 lectiones,
1368 1847 1426 1911 sub
1456 1870 1539 1931 pena

337 1951 469 2014 duarum
492 1950 646 2015 librarum
669 1973 745 2016 cere.

336 2124 390 2188 De
422 2124 726 2208 disputatione
758 2125 978 2189 ordinaria
1008 2124 1391 2191 baccalaureorum
1415 2147 1537 2210 quan·

721 2236 806 2294 tum
830 2230 879 2294 ad
902 2233 1147 2315 arguentes.

423 2369 649 2436 Baccalaureus
674 2391 806 2455 arguere
828 2369 936 2434 volens
959 2369 1183 2454 disputationis
1214 2370 1319 2434 locum
1342 2369 1540 2456 ingrediatur

335 2476 515 2541 honeste
537 2475 741 2553 vestitus,
766 2496 839 2539 cum
863 2474 988 2559 capitio,
1013 2474 1071 2538 sub
1095 2495 1177 2558 pena
1200 2496 1263 2538 non
1287 2474 1516 2559 completionis.

422 2579 504 2644 ltem
538 2579 757 2651 baccalaureus
786 2602 843 2644 suo
874 2579 984 2645 ordine
1016 2583 1048 2644 et
1077 2580 1145 2645 loco
1177 2581 1392 2665 argumentari
1415 2582 1541 2663 etpost

339 2685 556 2750 deductionem
579 2705 708 2748 snorum
731 2689 992 2771 argumentorum
1015 2686 1048 2749 in
1073 2686 1142 2751 loco
1168 2686 1408 2770 disputationis,
1444 2685 1542 2750 donee

338 2789 557 2853 baccalaureus
587 2809 659 2852 eum
689 2810 822 2872 sequeus
853 2811 910 2854 sua
933 2793 1120 2875 argumenta
1144 2791 1325 2869 deduxerit,
1356 2810 1541 2874 permanere

337 2896 492 2970 teneatur,
518 2893 575 2957 sub
599 2915 680 2978 pena
703 2916 767 2960 nou
791 2893 1021 2980 completionis.

424 2997 505 3061 Item
529 2998 636 3062 nullus
656 2999 939 3077 baccalaureorum,
971 2999 1038 3064 siue
1062 2999 1224 3083 presidens
1247 3001 1315 3064 siue
1337 3021 1484 3086 arguere,
1507 2999 1541 3061 in

336 3101 553 3186 disputatione
581 3105 596 3166 t
608 3124 657 3166 eu
671 3105 824 3169 tonici
838 3127 853 3168 s
885 3107 994 3168 vtetur
1015 3103 1138 3179 verbis,
1170 3105 1223 3168 secl
1247 3104 1400 3169 latinis
1422 3109 1455 3168 et
1478 3103 1542 3167 dis·

336 3206 440 3272 cretis.

424 3310 506 3375 Item
539 3312 759 3378 baccalaureus
789 3336 924 3402 arguens
957 3313 996 3377 ad
1026 3313 1196 3378 iussionem
1231 3312 1349 3378 Deoaui
1384 3315 1542 3390 cesset,

338 3415 396 3479 sub
429 3438 512 3500 pena
543 3417 731 3498 arbitraria,
764 3419 852 3484 iuxta
881 3439 1023 3483 excessus
1055 3418 1243 3502 qualitatem
1274 3439 1330 3503 per
1358 3417 1544 3482 facultatem

338 3520 522 3605 infligenda.

425 3623 542 3690 Nullus
564 3628 694 3712 insuper
717 3629 991 3694 baccalaureorum
1015 3629 1230 3714 predictorum
1254 3626 1447 3710 (presidente
1469 3627 1543 3691 bac·

339 3731 481 3795 calaurco
512 3731 653 3819 dempto)
686 3734 739 3817 alij
771 3732 972 3796 baccalaureo
1003 3754 1095 3797 suum
1127 3734 1349 3817 argumentum
1383 3731 1416 3794 in
1451 3730 1544 3795 dictis

338 3835 471 3920 publicis
502 3838 624 3902 actibus
655 3840 777 3915 soluat,
810 3859 911 3921 neque
943 3839 1041 3903 eciam
1075 3837 1295 3902 baccalaureus
1325 3833 1487 3920 presidens
1511 3835 1544 3898 in

338 3940 493 4006 solutione
517 3947 776 4027 argumentorum
792 3942 1010 4008 baccalaureos
1027 3946 1197 4027 arguentes
1221 3940 1325 4006 verbis
1349 3939 1469 4004 afficiat
1492 3939 1545 4003 de-

338 4046 468 4130 risorijs,
492 4048 706 4132 opprobriosis
729 4053 784 4113 ant
806 4049 966 4112 iniuriosis
990 4047 1242 4131 quibuscunque,
1266 4045 1319 4108 sed
1342 4044 1547 4130 urguentium

337 4151 475 4216 rationes
499 4151 595 4234 (sicut
617 4154 789 4240 videbitur)
822 4152 1057 4238 tranquillitate
1083 4154 1114 4215 et
1146 4149 1315 4228 modestia,
1347 4149 1462 4233 quibus
1486 4169 1545 4232 po·

340 4255 424 4334 terit,
450 4256 571 4323 soluere
594 4263 691 4339 curet,
715 4259 774 4323 sub
798 4281 879 4343 pena
901 4257 1051 4342 grauiora
1075 4255 1186 4339 procul
1210 4253 1325 4332 dubio,
1358 4253 1432 4318 huic
1454 4275 1546 4318 man·

342 4360 415 4423 dato
438 4363 711 4428 contrauenientes
734 4363 923 4447 infligenda,
955 4383 1034 4444 quos
1058 4362 1154 4424 etiam
1179 4383 1234 4445 per
1259 4360 1415 4445 pedalium
1438 4363 1546 4423 nostre

344 4466 560 4533 uniuersitatis
573 4469 663 4534 nobis
675 4471 734 4535 sub
747 4469 873 4554 prestiti
887 4467 1056 4534 iuramenti
1069 4466 1185 4545 debito,
1199 4465 1343 4530 volumus
1352 4463 1546 4529 denunciari.
