3460 5314
339 430 402 496 300
719 443 721 453 ’
796 427 927 512 Facnlbas
945 426 1076 484 Juridica.

337 586 553 653 InhimaiIonis
574 586 702 652 schedas
728 587 856 652 scribito
883 590 916 652 eh
940 586 1110 672 publicato,
1133 584 1344 654 Vacabionum
1366 585 1535 652 feriarum·

339 715 399 775 que
422 697 567 776 tempora
589 692 713 776 publice
736 715 792 758 suo
814 697 957 778 tempore
975 691 1106 777 affigilo.
1151 688 1430 778 Disputationibus
1452 690 1536 776 puh-

342 798 411 864 licis
433 798 601 878 inhaesio,
636 799 751 864 atalia
774 820 829 883 per
852 798 1012 864 Decanum
1043 797 1104 861 sibi
1127 796 1271 885 delegata
1292 799 1398 864 facite.
1442 795 1537 860 Vlhra

342 925 439 967 unam
460 903 542 968 diem
574 909 605 969 eb
632 908 757 970 noctem
788 905 827 970 ab
860 904 920 970 hoc
948 904 1063 988 oppido
1086 903 1166 968 citra
1189 903 1393 969 manifestum
1415 900 1536 967 Decani

341 1029 527 1075 consensum
560 1031 599 1075 ne
621 1010 738 1076 abesto.
783 1011 941 1097 Suffragia
970 1014 1003 1076 eb
1032 1013 1151 1075 secreta
1172 1009 1304 1074 consilia
1326 1009 1407 1074 forbe
1429 1008 1538 1073 audita

339 1118 394 1178 auh
416 1116 451 1178 in
473 1114 598 1199 scriptis
627 1115 796 1180 hincinde
819 1115 993 1181 deferendis
1015 1114 1100 1192 uisa,
1136 1135 1216 1196 quae
1246 1113 1376 1180 celanda
1398 1113 1534 1192 duxerit,

339 1218 457 1304 absque
479 1219 635 1306 singulari
657 1222 753 1298 iussu,
777 1243 816 1286 ne
838 1221 988 1286 reuelata

425 1323 506 1389 Ibem
529 1323 684 1390 ministris
714 1326 848 1410 publicis
871 1350 890 1390 a
912 1325 1094 1391 Candidahis
1123 1326 1195 1410 plus
1218 1347 1408 1413 emungere,
1442 1345 1539 1408 quam

339 1428 372 1492 in
395 1429 592 1495 ordinatione
615 1429 841 1497 Vniuersibabis
863 1431 1067 1517 praefinitum
1089 1434 1145 1510 esb,
1175 1430 1296 1518 nephas
1318 1435 1394 1508 estc,
1420 1449 1537 1493 munus

340 1537 446 1599 tamen
469 1534 683 1614 honorarium,
708 1538 790 1621 quod
813 1559 851 1600 ex
870 1535 1061 1602 liberalitate
1084 1536 1128 1600 eis
1152 1536 1295 1602 oblatum
1317 1539 1374 1616 esi,
1399 1534 1540 1619 recipere

339 1639 565 1722 permibtimus,

426 1745 465 1810 ln
496 1746 631 1830 publicis
655 1748 931 1828 conuentionibus‚
962 1747 1088 1831 quando
1119 1747 1281 1812 Licentiae
1309 1745 1359 1811 uel
1383 1743 1540 1810 Dociorea

346 1850 486 1936 insignia
508 1853 721 1934 conferuntur,
745 1853 806 1919 duo
828 1857 953 1938 sceptra
976 1852 1141 1918 habentor.

770 1958 896 2024 Stabula
918 1957 994 2022 haec
1017 1957 1203 2023 confirmate
1225 1979 1244 2022 a
1265 1955 1384 2022 Senatu
1406 1953 1538 2021 Scholae

774 2069 849 2129 sunt
874 2068 923 2128 13.
948 2062 1123 2148 Septembr.
1148 2062 1245 2127 Anno
1271 2066 1363 2128 1539.

414 2250 499 2306 Univ.
518 2253 622 2310 Archiv
640 2253 714 2320 XIII,
734 2256 760 2310 3.
794 2253 863 2326 Pap.
892 2253 1116 2310 Eisenloh1800.
