3464 5318
481 435 524 490 33.
543 435 692 493 Ordinatio
713 435 797 506 uaga
815 435 987 492 Perdinandi
1008 437 1084 490 1525.
1324 441 1384 504 147

184 594 385 659 mouentibus
417 592 602 676 derogatum
632 615 698 658 esse
726 594 888 675 uolumus,
921 596 1003 660 sicut
1032 596 1128 660 etiam
1159 617 1195 660 ex
1228 598 1386 680 potestate

184 705 292 765 nostra
314 699 509 783 derogamus

518 870 563 935 In
586 871 855 938 liberalibus
877 874 1047 940 studiis.

271 1011 467 1076 Professores
490 1010 705 1095 Philosophiae
728 1009 1003 1097 Collegiormnque
1018 1014 1177 1099 Magistri,
1202 1037 1280 1098 quos
1303 1014 1386 1079 Bur-

184 1139 291 1182 samm
314 1121 524 1182 conuentores
547 1117 712 1200 appellare
731 1124 983 1195 consueuerant,
1007 1119 1045 1182 ad
1068 1117 1385 1202 Philosophia-nr

185 1223 276 1286 siue
297 1223 554 1287 rationalem
577 1222 667 1286 siue
696 1224 940 1286 naturalem
963 1223 1057 1288 siue
1095 1225 1293 1288 moralem
1323 1246 1387 1287 non

186 1326 358 1398 admittant
380 1326 552 1392 Auditores
575 1328 638 1391 nisi
662 1328 729 1392 sint
751 1327 968 1393 Grammatici.
1021 1327 1122 1394 Solita
1144 1350 1219 1393 uero
1242 1328 1390 1393 exercitia

188 1435 221 1494 et
242 1436 331 1496 actus
353 1453 426 1496 suos
451 1436 684 1516 prosequantur
707 1432 796 1496 iuxta
818 1433 949 1496 modurn
973 1432 1029 1514 qui
1052 1433 1203 1516 sequitur.

275 1536 442 1602 Docebunt
469 1537 616 1621 inprimis
639 1537 915 1621 Paraphrasticam
948 1536 1054 1602 Iaoobi
1077 1537 1172 1602 Fabri
1194 1535 1390 1622 stapulensis

170 1641 222 1704 in
239 1640 411 1706 Dialectica
427 1641 612 1708 Aristotelia
636 1643 933 1728 interpretationem
957 1647 989 1707 et
1011 1643 1148 1706 eiusdem
1167 1641 1391 1726 Paraphrasim

188 1747 222 1810 in
246 1744 382 1830 Physica
404 1746 597 1824 Aristotelis,
620 1770 658 1812 ex
677 1769 744 1832 quo
767 1747 937 1812 Auditores
961 1748 1001 1812 ob
1025 1747 1232 1813 Aristotelem
1256 1747 1390 1812 barbara

189 1872 315 1916 uersum
339 1851 509 1916 fastidiunt
531 1856 670 1916 ueterem
693 1853 946 1931 translationem,
970 1853 1211 1937 interpretaturi
1233 1857 1266 1917 et
1288 1853 1390 1917 decla·

188 1956 290 2018 raturi
321 1957 451 2020 eandem
475 1955 699 2041 Paraphrasim
735 1981 772 2022 ex
803 1958 962 2022 veteribus
985 1956 1177 2034 AntoribuS,
1210 1959 1264 2041 qui
1287 1959 1392 2022 nrinus

189 2060 390 2125 inculcarunt
421 2083 653 2145 superuacanea
683 2065 715 2126 et
738 2061 920 2146 sophistica.
966 2061 1014 2126 Ex
1043 2063 1158 2147 quibus
1180 2063 1296 2148 eligere
1319 2085 1391 2148 pos-

191 2168 266 2228 sunt
287 2166 542 2230 interArabes
555 2164 743 2250 Auerroym,
770 2165 1009 2250 Philosophiam
1020 2165 1200 2244 Anicennae,
1225 2166 1393 2252 Algaaelis,

190 2271 228 2334 de
244 2260 400 2336 Graecis
416 2271 636 2349 Themistinm,
661 2270 870 2356 Simplicium,
888 2272 1114 2347 Alexandrum,
1138 2270 1393 2356 Theophrastum

190 2373 238 2438 Ex
256 2375 378 2439 Latin
391 2376 425 2439 is
441 2375 657 2455 Linconicum,
675 2376 844 2442 Albertum
860 2377 1014 2462 Magnum
1030 2381 1061 2441 et
1073 2376 1239 2455 Thomam,
1256 2375 1394 2454 Scotum,

191 2477 320 2558 Ochum,
343 2479 493 2565 Egidium
517 2481 707 2560 Romanum,
731 2481 918 2547 Caietanum
942 2503 1007 2548 non
1029 2481 1222 2547 Monachum
1246 2485 1278 2546 et
1300 2482 1393 2548 Ioan-

192 2606 265 2650 nem
287 2584 324 2648 de
348 2584 509 2651 Gandauo.
559 2586 669 2670 Neque
692 2587 850 2670 ullatenus
874 2588 912 2652 ad
935 2585 1097 2652 Sectarurn
1120 2587 1308 2670 viarumque
1330 2588 1393 2652 dis-

192 2689 343 2769 crimina,
376 2694 432 2754 aut
454 2695 556 2756 certos
588 2691 725 2757 maxime
746 2690 931 2756 Nectaricos
953 2691 1125 2774 Scriptores
1148 2693 1393 2776 asstringantur,

191 2816 228 2859 ac
250 2795 277 2858 si
301 2795 407 2879 plures
430 2800 462 2860 et
484 2818 547 2861 non
572 2819 634 2860 una
664 2798 716 2860 via
738 2799 780 2860 sit
809 2802 905 2881 atque
927 2796 1095 2861 Methodus
1125 2797 1279 2862 ueritatis.
1324 2796 1394 2860 Hoc

192 2899 276 2963 enim
307 2900 404 2966 alitur
433 2901 552 2966 occasio
584 2889 823 2966 Dissensionum
853 2907 886 2966 et
901 2902 1165 2995 'perniciosarum
1195 2901 1392 2977 Pactionum,

192 3005 305 3088 quibus
329 3005 483 3069 hactenus
507 3007 642 3070 nimium
666 3008 786 3072 curiose
817 3012 849 3072 et
871 3029 1021 3092 perquam
1045 3007 1138 3070 anxie
1160 3007 1194 3070 in
1217 3007 1394 3070 animarum

193 3133 321 3176 suarum
354 3111 610 3195 Auditorumque
646 3115 798 3177 iacturam
830 3116 861 3176 et
893 3111 1033 3196 plurium
1066 3111 1288 3189 offensionem,
1321 3110 1397 3174 soli·

194 3215 280 3280 diore
303 3217 447 3282 veritatis
470 3217 614 3284 doctriua
637 3220 790 3303 neglecta,
815 3217 1035 3282 incubuerunt.

281 3320 479 3406 Quapropter
508 3323 643 3407 explosis
675 3325 733 3408 rije
764 3328 796 3387 et
826 3322 920 3387 sectis
952 3319 1184 3403 eorundemque
1214 3318 1397 3382 nominibus

195 3427 259 3510 ipsi
293 3426 505 3510 Philosophia
537 3427 733 3494 Professores
767 3430 834 3493 siue
869 3427 1081 3492 Conuentores
1119 3425 1167 3508 (ut
1201 3426 1328 3508 uocant)
1363 3425 1397 3487 in

196 3537 358 3614 posterum
391 3533 460 3596 sine
495 3533 616 3598 delectu
651 3533 774 3596 viarum
805 3537 836 3596 et
869 3535 1012 3614 respectu
1033 3529 1214 3594 Authorum
1247 3531 1281 3594 in
1316 3527 1398 3592 Con-

194 3637 351 3722 tubernijs
385 3639 470 3716 suis,
509 3659 644 3722 quorum
677 3638 811 3702 alterum
847 3635 1037 3719 Aquila,
1081 3635 1228 3700 Alterum
1264 3635 1397 3699 Pauo-

194 3742 264 3804 nis
296 3743 470 3806 nornine
504 3745 550 3807 de
580 3750 729 3807 caetero
752 3743 1002 3826 appelletur
1025 3745 1051 3820 ¹,
1083 3742 1192 3826 legant
1215 3745 1247 3804 et
1269 3741 1399 3804 doceant

198 3853 404 3862 .—---..—‚—.-.

270 3899 281 3950 1
302 3896 352 3951 Die
372 3897 482 3953 Namen
497 3899 585 3954 eollen
598 3899 658 3952 also
671 3899 728 3952 erat
741 3897 901 3967 eingefr'ihrt
913 3897 1024 3952 werden
1039 3895 1097 3949 und
1109 3895 1153 3949 die
1164 3894 1399 3963 hergebrachten:

195 3985 321 4041 Bursa
347 3987 529 4042 ltcalium
560 3987 619 4040 und
647 3986 772 4041 Bursa
803 3985 1079 4041 Modernorum
1112 3982 1302 4051 verdrttugen,
1337 3979 1399 4034 weil

195 4074 245 4128 der
264 4073 446 4129 Unterschied
472 4075 521 4128 der
539 4074 605 4128 arrei
624 4074 712 4143 Wege
741 4073 900 4142 tiberhaupt
927 4072 1080 4128 verworfen
1097 4070 1175 4126 wird.
1213 4070 1248 4123 Es
1266 4070 1304 4122 ist
1321 4068 1400 4137 irrig,

195 4180 277 4218 wana
298 4163 416 4217 manche
435 4162 600 4226 amrehmen,
620 4161 665 4215 die
685 4161 791 4215 Bursen
809 4160 839 4214 in
852 4160 999 4230 l'srbingen
1017 4160 1090 4214 seien
1108 4176 1163 4214 ron
1182 4157 1296 4226 Aufang
1315 4174 1352 4210 an
1371 4173 1400 4209 so

195 4249 357 4304 bezeichnet
381 4250 501 4304 worden.
544 4248 686 4318 Nirgends
713 4249 827 4304 bedient
851 4249 909 4303 sich
934 4249 1032 4318 irgend
1057 4248 1101 4302 ein
1127 4246 1286 4301 Dokument
1313 4244 1401 4298 dieser

196 4336 366 4392 Ausdriiclre.
408 4336 459 4390 Die
485 4336 699 4392 datreichischen
716 4336 809 4391 Rttthe
833 4337 925 4391 haben
949 4335 1089 4389 dieselbcn
1113 4351 1167 4389 von
1186 4333 1322 4402 Freiburg
1340 4335 1401 4385 ent·

196 4424 293 4487 lehnt,
318 4424 384 4480 aber
402 4423 455 4477 mit
473 4425 548 4478 ihrer
567 4425 742 4495 Anordnung
768 4425 869 4480 lreinen
889 4425 987 4494 Erfolg
1012 4424 1125 4493 gehabt.
1161 4423 1304 4477 Schreiber
1322 4421 1354 4475 G.
1373 4421 1399 4474 d.

197 4512 231 4565 u
250 4511 294 4566 rr.
312 4513 339 4584 1,
357 4513 400 4567 ar.
485 4507 488 4510 ·

1141 4582 1195 4635 ro*
