3464 5318
493 438 535 492 aa.
554 435 700 490 ormano
718 435 802 506 nages
821 411 990 490 rosemanus
1012 434 1086 490 1525.
1318 437 1377 500 141

186 600 313 664 studens
342 597 477 682 amplius
508 596 676 660 fouebitur.
730 595 769 658 In
800 595 961 679 premissis
989 599 1097 660 tamen
1126 593 1215 677 penis
1248 595 1280 656 et
1309 592 1380 656 aliis

187 705 317 770 interim
341 725 464 788 semper
486 702 591 766 saluis.

256 895 333 949 Ohnc
350 894 467 958 Datum,
489 892 674 947 vermuthlich
695 891 762 946 1524
789 891 819 945 in
845 891 895 946 der
912 891 1072 946 Fessnacht.
1109 891 1180 944 Acta
1203 891 1316 945 senatus
1341 889 1380 944 la.

185 985 205 1038 f.
224 989 266 1040 lv.

762 1217 820 1284 33.

380 1423 574 1495 Ordinatio
602 1421 714 1516 Regis
741 1421 1041 1494 Ferdinandi
1074 1426 1182 1493 1525.

279 1634 508 1699 Fnamrnnous
537 1630 596 1695 Dei
618 1630 721 1715 gratia
742 1631 887 1714 princeps
909 1632 941 1693 et
956 1627 1065 1694 Infans
1082 1629 1306 1714 Hispaniarum
1320 1633 1381 1696 Ar-

193 1740 309 1804 chidux
334 1739 470 1804 Austriae
501 1736 577 1802 Dux
604 1734 796 1820 Burgundios
820 1734 924 1801 Stiriae
950 1733 1121 1801 Corinthiae
1146 1735 1299 1800 Carniolae
1321 1740 1379 1800 etc.

188 1845 298 1910 (lomes
314 1844 429 1908 Tirolis
453 1846 511 1906 etc.
552 1840 630 1906 Cum
645 1842 827 1907 mortalium
842 1841 917 1906 uitae
932 1841 1142 1906 moderatores
1164 1864 1287 1906 summa
1308 1864 1383 1907 cura

188 1955 221 2015 et
243 1973 301 2035 ope
324 1950 386 2014 niti
419 1949 523 2027 decet,
555 1951 591 2012 ut
613 1970 649 2012 ea
678 1969 747 2032 qua
769 1952 824 2012 aut
846 1949 966 2012 incerta
995 1949 1027 2010 et
1052 1945 1172 2010 lubrica
1194 1945 1287 2011 huius
1311 1947 1383 2010 vitae

188 2054 363 2130 commoda,
385 2057 441 2117 aut
462 2052 603 2116 coelestia
625 2057 658 2116 ct
678 2056 837 2136 perpetuae
858 2053 969 2118 salutis
992 2053 1073 2116 dono
1094 2051 1276 2137 respiciunt,
1300 2055 1383 2116 recte

188 2184 207 2226 a
231 2161 281 2245 pie
304 2161 529 2246 gubernentur,
554 2159 648 2242 idque
670 2181 706 2223 eo
728 2159 901 2225 l'eruentius
925 2178 1140 2243 quemcunque
1162 2156 1342 2242 Principem
1365 2179 1384 2221 a

188 2265 257 2330 Deo
280 2265 487 2330 constitutum
511 2285 603 2348 super
624 2264 786 2348 populum,
810 2265 865 2350 qui
887 2265 1042 2351 unigeniti
1064 2262 1138 2327 Filii
1160 2262 1313 2347 sanguine
1335 2266 1382 2326 est

191 2373 354 2447 seruatum
386 2371 533 2452 praestare
567 2370 748 2447 conueniat,
783 2371 866 2455 quod
897 2370 930 2434 id
958 2369 1096 2434 muneris
1118 2369 1213 2433 etiam
1236 2369 1275 2432 ab
1297 2369 1384 2433 omni

188 2475 372 2540 Christiana
401 2475 519 2556 pietate
550 2474 643 2560 longe
673 2475 775 2538 aliena
805 2473 1013 2539 Ethnicorum
1042 2473 1224 2558 superstitio
1253 2472 1383 2537 minime

187 2579 380 2665 neglexerit,
413 2578 524 2662 ltaque
548 2601 618 2644 cum
641 2580 674 2643 in
698 2579 791 2644 huius
815 2601 896 2644 curae
918 2584 1040 2664 partem
1062 2579 1161 2657 asciti,
1184 2577 1218 2642 in
1240 2578 1299 2643 hoc
1320 2600 1384 2643 nno

187 2688 238 2748 uel
273 2684 408 2748 maxime
436 2683 632 2749 functionem
663 2685 755 2769 offitij
785 2686 886 2750 nostri
917 2686 1084 2750 consistere
1112 2683 1318 2760 arbitremur,
1349 2687 1383 2746 vt

187 2789 330 2854 studiosa
360 2788 508 2852 iuuentus
538 2793 569 2854 et
601 2791 817 2855 adolescentiae
851 2791 985 2855 facilitas
1021 2789 1162 2855 honestis
1197 2790 1384 2855 instituatur

187 2895 329 2959 moribus
359 2898 391 2958 et
419 2917 495 2958 sana
527 2896 687 2961 imbuatur
717 2895 886 2973 Doctrina,
916 2896 948 2961 id
980 2899 1085 2960 autem
1112 2915 1213 2978 neque
1245 2895 1383 2959 securius

187 3020 291 3083 neque
313 2998 424 3064 maiori
447 3021 517 3064 cum
539 3021 572 3064 re
594 3001 662 3064 fieri
685 3022 776 3085 posse
800 3001 959 3080 uideatur,
983 3023 1077 3085 quam
1101 2999 1183 3084 quod
1206 2999 1384 3065 scholastici

187 3103 352 3188 Gymnasij
369 3103 519 3188 Magistri
541 3105 688 3172 solidiora
710 3106 946 3191 salubrioraque
976 3108 1125 3191 dogmata
1148 3105 1329 3169 condecenti
1352 3109 1383 3170 et

187 3213 277 3274 recta
299 3207 450 3274 Methodo
473 3209 506 3274 in
530 3212 709 3277 auditorum
732 3213 852 3276 animas
875 3212 1109 3276 transfundant.

277 3312 366 3388 Quod
389 3315 464 3399 quia
485 3318 640 3399 superiori
662 3321 754 3382 aetate
777 3317 954 3402 neglectum
982 3321 1014 3381 et
1036 3316 1130 3380 simul
1153 3336 1210 3398 pro
1232 3316 1332 3381 solida
1353 3318 1385 3379 et

186 3420 351 3484 luculenta
374 3421 517 3485 ueritatis
540 3421 709 3500 Doctrina,
741 3422 870 3508 fragiles
892 3425 1103 3506 nutantesque
1125 3419 1295 3505 Argutias‚
1327 3439 1384 3504 pro

187 3524 322 3590 caelestis
347 3525 463 3610 eloquij
487 3525 656 3613 Mysterijs,
681 3529 830 3613 perplexa
844 3527 1106 3612 Philosophorum
1131 3525 1247 3610 placita
1268 3524 1385 3589 tradita

186 3651 256 3695 esse
278 3631 499 3716 cognocimus,
530 3631 622 3698 Vnde
649 3637 715 3697 tam
738 3655 876 3717 praeceps
898 3633 1030 3697 libertas
1052 3635 1122 3696 orta
1146 3635 1209 3709 est,
1239 3651 1301 3714 qua
1322 3631 1385 3694 iam

185 3723 266 3800 fides
289 3739 382 3800 nutat
405 3741 437 3800 et
458 3735 545 3801 labat
567 3736 711 3822 Religio,
734 3738 822 3801 cuius
845 3742 1060 3821 contemptum
1083 3737 1169 3801 omni
1196 3758 1259 3800 non
1282 3735 1385 3800 seculo

191 3864 260 3907 non
283 3845 358 3906 sunt
382 3843 571 3927 grauissima
592 3847 698 3908 secuta
714 3843 850 3920 dissidia,
875 3841 1015 3926 Cumque
1030 3839 1099 3905 Nos
1114 3840 1313 3925 potissimum
1335 3863 1385 3905 ca·

63 4003 68 4014 .
189 3947 390 4013 lamitatibus
414 3949 578 4032 prasentia
602 3949 702 4012 nostri
733 3947 867 4013 infelicis
890 3947 995 4011 saeculi
1017 3946 1131 4011 moniti
1153 3945 1292 4010 fomenta
1313 3947 1386 4007 tan·

186 4058 297 4117 tarum
321 4053 539 4118 turbationum
563 4053 737 4118 rescindere
753 4052 914 4137 cupiamus
930 4073 1008 4136 quae,
1031 4055 1068 4116 ut
1083 4056 1131 4116 est
1153 4055 1241 4114 extra
1262 4069 1387 4114 omnem

188 4157 451 4235 controuersiam,
477 4159 517 4223 ob
542 4159 781 4243 coinquinatum
801 4157 930 4222 docendi
954 4157 1081 4220 modum
1104 4154 1290 4220 introductae
1312 4153 1386 4232 sint,

188 4259 422 4329 decreuerimus
445 4263 574 4350 singula
595 4263 627 4330 in
644 4266 762 4330 nostris
779 4261 954 4348 Prouincijs
970 4263 1110 4328 literaria
1126 4259 1296 4346 Gymnasia
1311 4283 1387 4344 quo·

190 4365 328 4430 randum
351 4367 493 4432 doctrina
515 4369 683 4453 prudentia
698 4373 730 4433 et
745 4367 903 4454 probitate
918 4366 1068 4432 Virorum
1082 4366 1239 4432 Scrutinio
1263 4369 1294 4429 et
1316 4385 1387 4430 cen·

188 4493 273 4538 surae
295 4473 512 4553 committere,
543 4479 580 4539 ut
602 4497 638 4540 ea
660 4497 729 4560 quae
751 4497 788 4541 ex
811 4473 972 4540 Abusibus
1003 4477 1035 4537 et
1057 4469 1298 4537 Consuetudinis
1321 4491 1388 4538 cor·
