3504 5322
378 491 440 553 370
831 487 960 542 Facultas
979 487 1098 542 Artium.

374 648 408 711 in
430 647 532 712 Bursa
561 651 703 732 repertus
732 647 846 723 fuerit,
881 647 983 731 prima
1013 646 1079 710 vice
1112 647 1215 711 soluat
1246 653 1365 732 septem
1397 647 1511 712 solidos
1533 647 1566 711 l1.

374 774 454 836 pene
477 751 613 828 nomine,
637 751 773 817 secunda
796 751 861 815 vice
884 751 1023 834 duplum,
1047 757 1079 815 et
1100 751 1145 816 sio
1160 753 1312 838 deinceps,
1338 757 1370 818 et
1385 753 1567 818 nichilomi-

375 856 480 920 minus
503 879 522 920 a
543 856 645 921 Bursa
676 856 877 934 excludatur3
909 857 992 922 idem
1023 858 1124 922 voluit
1145 859 1281 924 facultas
1303 882 1360 944 per
1382 860 1489 924 omnia
1511 859 1569 924 ob-

378 962 497 1026 seruari
520 961 603 1027 circa
624 963 843 1029 cohabitantes
866 963 984 1042 cidem,
1009 963 1243 1048 delinquentem
1266 987 1361 1049 snper
1382 987 1418 1030 eo
1441 963 1568 1028 Rectori

376 1067 476 1132 Bursa
499 1067 565 1132 siue
588 1066 779 1133 Conuentori
800 1090 864 1133 nou
888 1068 1120 1133 denunciantes,

463 1175 514 1238 89.
553 1171 634 1238 item
665 1174 748 1258 quod
779 1175 902 1240 nullum
931 1173 1092 1238 facultatis
1123 1175 1321 1259 suppositum
1354 1174 1480 1259 publice
1514 1178 1569 1237 aut

379 1280 503 1365 priuato
524 1301 597 1363 pro
620 1280 802 1363 pecunia
824 1279 964 1343 ludere
986 1283 1163 1362 presumat,
1186 1278 1244 1344 sub
1267 1301 1348 1362 pena
1370 1279 1467 1343 trium
1491 1279 1565 1342 soli·

380 1385 491 1449 dorum
514 1383 545 1448 h.
571 1387 602 1448 et
624 1384 811 1448 exclusionis
834 1407 853 1447 a
874 1384 985 1460 bursa,
1008 1385 1034 1448 si
1057 1381 1246 1468 aliquociens
1269 1384 1407 1448 monitus
1430 1406 1494 1447 non
1518 1384 1571 1448 de-

378 1489 505 1553 stiterit.
552 1487 662 1552 Eidem
684 1510 764 1572 pene
787 1489 920 1554 facultas
945 1489 1065 1574 eosqui
1090 1491 1122 1554 in
1139 1489 1391 1555 habitacionibus
1406 1490 1470 1552 suis
1493 1490 1572 1554 tales

379 1595 487 1660 ludere
511 1595 702 1678 permittunt
724 1593 792 1658 uolt
814 1616 879 1660 esse
902 1594 1066 1660 subiectos.

464 1701 514 1764 90.
544 1699 626 1764 Item
656 1699 738 1782 quod
769 1699 873 1764 nullus
896 1703 1001 1785 preter
1035 1720 1221 1764 consensum
1244 1699 1449 1765 Conuentoris
1472 1699 1572 1764 Bursa

335 1855 339 1861 -
379 1827 499 1870 seras
534 1825 719 1888 quocunque
749 1805 877 1890 ingenio
907 1807 956 1870 vel
992 1805 1083 1869 modo
1118 1806 1253 1888 aperiat,
1283 1805 1341 1869 sub
1371 1827 1451 1890 pena
1478 1806 1570 1869 vuius

376 1910 497 1975 floreni.
544 1909 632 1973 Idem
655 1910 768 1974 statuit
783 1910 821 1974 de
843 1910 918 1988 illis,
943 1911 995 1995 qui
1019 1933 1075 1994 per
1091 1911 1234 1974 insolitas
1250 1910 1401 1975 ostiorum
1416 1912 1568 1975 fenestra-

381 2036 451 2079 rum
483 2036 645 2079 murorum
683 2015 731 2079 vel
768 2019 921 2080 tectorum
957 2019 1119 2099 aperturas
1149 2016 1371 2101 ingrediuntur
1401 2016 1449 2080 vel
1481 2037 1570 2102 egre·

381 2121 520 2186 diuntur.

467 2227 524 2290 91.-
551 2225 672 2290 lterum
704 2225 786 2310 quod
817 2225 922 2291 nullus
955 2227 1072 2310 absque
1101 2227 1231 2292 licencia
1253 2226 1460 2292 Conuentoria
1484 2231 1573 2290 extra

378 2330 513 2396 Bursam
546 2354 618 2415 per
649 2334 810 2410 noctes,
844 2331 901 2396 sub
932 2354 1013 2416 pena
1035 2336 1169 2416 quatuor
1198 2332 1367 2397 solidorum
1390 2331 1421 2395 h.
1447 2331 1514 2396 siue
1536 2332 1567 2394 in

327 2463 330 2468 ·
378 2437 507 2501 ciuitate
529 2437 596 2500 siue
617 2439 707 2500 extra
729 2435 890 2500 ciuitatem
914 2438 984 2520 quis
1006 2437 1109 2502 fuerit.

466 2544 516 2606 92.
540 2541 621 2605 Item
644 2541 768 2617 statuit,
791 2541 819 2604 si
842 2542 911 2624 quis
936 2541 1013 2606 hora
1035 2562 1118 2606 noua
1138 2542 1188 2605 vel
1210 2545 1318 2624 postea
1340 2541 1572 2606 aConuentore

379 2647 519 2732 quesitus
541 2647 575 2709 in
598 2644 699 2710 Bursa
722 2651 864 2728 repertus
886 2667 951 2710 non
972 2646 1078 2723 fuerit,
1103 2647 1249 2710 similiter
1264 2647 1292 2709 si
1307 2646 1377 2730 quis
1399 2647 1437 2710 ad
1453 2646 1572 2710 clausas

378 2752 495 2818 Bursas
518 2750 564 2834 (vt
587 2751 833 2835 intromittatur)
856 2751 1034 2817 indiscretis
1057 2751 1198 2836 pulsibus
1220 2751 1404 2834 strepitibus
1427 2755 1482 2814 aut
1503 2751 1567 2814 cla-

379 2857 519 2924 moribus
540 2858 588 2922 rel
612 2855 826 2920 inhabitantes
841 2855 890 2920 vel
912 2856 1030 2922 vicinos
1052 2858 1220 2921 molestare
1245 2856 1468 2940 presumpserit
1490 2877 1572 2938 pena

379 2964 436 3028 sub
459 2963 574 3028 eadem.

467 3073 518 3134 93.
541 3067 676 3134 Nullum
697 3069 794 3132 eciam
815 3067 977 3133 facultatis
1007 3067 1206 3152 suppositum
1234 3068 1268 3131 in
1292 3067 1570 3131 communitatibus

379 3174 551 3239 Bursamm
574 3174 875 3239 theutonicum
899 3174 1057 3257 loquatur,
1080 3172 1138 3237 sub
1161 3195 1241 3256 pena
1263 3173 1340 3257 lupi.

466 3284 517 3344 94.
542 3277 623 3343 Item
646 3279 726 3361 quod
751 3278 912 3342 audientes
935 3278 1085 3343 exercicia
1105 3277 1252 3342 formalia
1267 3281 1299 3342 ia
1317 3279 1428 3357 bursis,
1453 3279 1486 3340 in
1503 3277 1573 3360 qui-

381 3385 439 3450 bus
461 3389 626 3450 non-suut
648 3385 752 3464 locati,
777 3407 878 3469 neque
901 3385 932 3448 in
958 3385 1064 3448 cadem
1087 3405 1226 3448 mensam
1249 3406 1311 3447 noa
1328 3383 1479 3447 habentes
1501 3403 1576 3446 con·

380 3491 526 3556 tribuant
548 3514 605 3576 pro
629 3490 770 3574 quolibet
791 3491 941 3556 exercicio
970 3512 1067 3553 vuum
1089 3489 1252 3554 denarium
1274 3511 1329 3572 per
1351 3487 1572 3570 septimanam,

381 3618 476 3680 quam
498 3597 551 3662 diu
574 3596 699 3661 stubam
725 3595 960 3661 communitatis
983 3595 1116 3659 calefieri
1138 3595 1311 3678 contingat.

468 3708 518 3767 95.
542 3701 663 3766 Statuit
684 3701 839 3777 similiter,
865 3698 996 3782 quodsi
1020 3698 1090 3782 quis
1106 3698 1338 3763 conuentorum
1361 3717 1418 3779 pro
1441 3695 1575 3759 honesto

381 3808 534 3894 regimine
570 3808 631 3872 sibi
663 3807 900 3872 commissorum
940 3803 1074 3888 quedam
1104 3803 1166 3867 alia
1195 3801 1396 3867 rationabilia
1426 3801 1577 3864 conderet

381 3911 510 3989 statuta,
534 3913 617 3996 quod
639 3912 696 3976 illa
711 3910 979 3997 transgredientes
996 3931 1091 3993 penas
1108 3909 1278 3973 eorundem
1294 3910 1485 3971 statutorum
1509 3907 1579 3970 sine

381 4019 630 4085 contradiccione
654 4019 846 4102 persoluent.

469 4127 521 4188 96.
544 4123 663 4188 Iterum
686 4123 798 4187 statuit
819 4122 954 4187 facultas
977 4121 1058 4204 quod
1082 4121 1107 4184 si
1130 4119 1201 4203 quis
1222 4118 1393 4184 Scolarium
1425 4117 1474 4182 vel
1497 4116 1577 4182 Bac-

381 4231 594 4296 calaureorum
618 4251 716 4312 penas
732 4227 913 4293 huiusmodi
929 4229 1095 4304 recusaret,
1118 4226 1192 4290 talis
1208 4224 1334 4290 Rectori
1350 4222 1579 4288 Vniuersitatis

381 4335 586 4403 denunciatus
610 4334 740 4419 duplum
764 4356 843 4418 pene
866 4333 987 4398 soluere
1009 4335 1150 4418 cogatur.
1466 4396 1468 4400 ,

468 4447 520 4508 97.
537 4440 685 4524 Quodque
700 4443 872 4504 memorate
887 4459 1003 4522 pene,
1027 4443 1062 4501 vt
1076 4437 1227 4520 sequitur,
1245 4433 1577 4507 distribuantur,

381 4547 526 4614 videlicet
559 4567 637 4630 pene
666 4567 685 4608 a
715 4541 1008 4681 thentupisantibus
1043 4545 1075 4605 et
1107 4562 1178 4605 cum
1209 4540 1362 4626 suspectis
1393 4537 1578 4602 mulieribus
