3504 5322
365 452 428 516 376
828 447 958 502 Facultas
977 445 1096 501 Artium.

451 610 631 676 Statuentes
664 608 746 693 quod
777 608 884 672 omnia
907 612 939 672 et
960 607 1086 694 singula
1107 607 1284 673 huiusmodi
1311 611 1432 674 statuta
1453 607 1486 670 in
1508 605 1557 670 fa-

364 716 481 780 cultate
511 715 629 781 artium
657 713 797 798 predicta
826 713 1088 800 irrefragabiliter
1118 716 1151 778 et
1181 713 1365 778 inconuulse
1396 710 1498 776 teneri
1524 713 1556 774 et

363 820 482 885 seruari
515 820 648 886 debcant
680 818 748 883 sine
777 819 848 884 dolo
877 841 939 885 non
972 818 1171 883 obstantibus
1202 820 1235 883 in
1270 817 1331 902 hijs
1361 822 1394 884 ct
1415 817 1497 882 circa
1519 837 1556 879 ca

362 927 507 991 omnibus
539 930 571 990 et
601 924 735 1010 singulis
765 928 830 988 tum
862 924 1077 989 uniuersitatis
1111 945 1205 1007 quam
1235 923 1396 988 facultatis
1418 922 1555 987 eiusdem

362 1029 639 1097 constitutionibus
670 1028 798 1093 statutis
827 1033 860 1092 et
889 1028 1141 1093 ordinationibus
1171 1033 1203 1092 et
1226 1029 1297 1093 aliis
1319 1027 1556 1112 quibuscunque

362 1141 471 1201 eontra
499 1133 652 1219 premissa
673 1132 908 1216 quomodolibet
936 1133 1123 1198 facientibus
1154 1139 1209 1198 aut
1240 1133 1340 1198 faeere
1362 1132 1554 1218 potentibus,

363 1263 422 1325 que
445 1240 519 1305 dicti
543 1243 734 1304 statutorum
755 1239 942 1323 interpretes
965 1239 998 1303 in
1022 1238 1084 1322 hijs
1107 1240 1273 1304 voluerunt
1296 1261 1359 1302 uon
1383 1238 1516 1303 obstare.

454 1345 556 1410 Tenor
579 1348 683 1409 autem
705 1348 895 1426 statutorum
919 1344 1087 1408 eorundem
1110 1346 1251 1428 sequitur
1273 1344 1332 1409 hoc
1354 1344 1457 1410 modo.

382 1520 438 1585 De
462 1541 638 1585 numero
660 1519 966 1584 conuentorum
990 1519 1212 1584 Bursarum
1242 1521 1283 1583 et
1305 1519 1533 1584 eorundem

632 1624 848 1689 electione
871 1624 1019 1688 actiua
1048 1627 1089 1688 et
1111 1624 1288 1709 passiua.

447 1763 598 1830 Decetero
620 1764 797 1829 habeantur
819 1762 854 1827 in
871 1761 1011 1845 qualibet
1025 1762 1077 1826 via
1096 1763 1235 1848 quinque
1251 1762 1556 1842 Conuentores,

362 1891 499 1954 quorum
522 1890 628 1933 unus
660 1868 702 1932 sit
731 1890 916 1945 economus,
947 1868 1002 1952 qui
1031 1869 1130 1951 presit
1160 1870 1212 1935 rui
1235 1869 1382 1935 exercitio
1405 1869 1497 1935 modo
1520 1872 1556 1934 it

361 1976 464 2052 iufra,
494 1975 535 2039 Et
556 1974 689 2039 secundo
712 1975 813 2065 presit
834 1975 898 2038 illis
922 1974 1041 2038 duobus
1063 1974 1184 2038 actibus
1207 1973 1307 2039 Burse
1329 1974 1448 2039 scilicet
1470 1996 1556 2039 com·

363 2080 522 2164 putationi
543 2080 688 2156 bursali,¹
710 2079 811 2144 fiende
834 2079 921 2143 omni
943 2079 1120 2163 septimana
1150 2079 1246 2144 semel
1268 2083 1300 2144 ct
1321 2079 1381 2144 boc
1402 2079 1454 2143 die
1476 2078 1553 2146 sab-

360 2184 437 2261 bati,
461 2185 596 2250 secundo
621 2185 797 2250 collectioni
819 2205 929 2249 census
954 2183 1098 2249 bursalis.
1153 2183 1246 2249 Alii
1277 2187 1460 2268 quatuor
1481 2205 1552 2267 pre·

365 2289 431 2354 siut
453 2289 523 2354 aliis
545 2293 690 2374 quatuor,
714 2289 848 2374 quilibet
870 2289 988 2354 scilicet
1011 2290 1066 2353 vni
1088 2289 1315 2368 exercitiorum.

447 2394 493 2459 De
516 2396 664 2479 predictis
688 2395 827 2479 quinque
843 2394 1007 2480 Magistris
1023 2395 1137 2460 debent
1159 2395 1238 2458 duo
1261 2415 1327 2459 esse
1348 2393 1550 2480 theologi,

359 2500 596 2586 ducllagistri
618 2500 804 2577 Juristc,
826 2504 859 2564 et
881 2521 983 2563 vnus
1007 2501 1214 2576 medicus,
1238 2503 1269 2563 et
1285 2499 1343 2563 hoc
1365 2500 1392 2564 si
1415 2499 1552 2564 habean-

359 2609 412 2670 tur
442 2604 539 2669 ubiles
567 2604 759 2668 sufficienter
789 2603 826 2668 de
859 2602 1005 2687 predictis
1037 2602 1248 2668 facultatibus.
1310 2603 1382 2668 Vno
1416 2603 1551 2687 denique

359 2731 464 2774 eorum
486 2709 630 2787 cedente,
666 2707 778 2793 reliqui
802 2713 936 2792 quatuor
956 2708 1094 2773 babeant
1124 2709 1309 2775 facultatem
1330 2711 1467 2794 aliquem
1490 2711 1548 2776 eli-

356 2815 452 2900 gendi
474 2814 507 2878 in
529 2815 632 2878 locum
656 2815 721 2878 eius
745 2813 800 2898 qui
822 2813 916 2877 cessit
938 2812 987 2877 vel
1011 2813 1151 2893 decessit,
1175 2815 1222 2879 ita
1243 2819 1363 2879 tamem
1387 2817 1469 2899 qnod
1492 2818 1551 2883 eli·

361 2923 440 3006 gant
462 2943 558 2984 vnum
580 2921 617 2984 dc
638 2920 694 2986 illa
716 2918 868 2984 facultate
890 2920 927 2983 de
950 2939 1012 3004 qua
1033 2918 1096 2984 fuit
1118 2919 1173 3004 qui
1195 2920 1305 2999 cessit,
1337 2921 1364 2984 si
1387 2921 1478 2985 abilis
1502 2922 1552 2986 in·

363 3025 460 3089 ueniri
477 3030 581 3109 potest
595 3025 633 3090 de
648 3025 764 3090 eadem.
803 3022 933 3100 Quodsi
950 3047 1023 3105 non,
1047 3026 1198 3091 accedant
1222 3027 1470 3106 uniuersitatem,
1497 3052 1553 3113 pe-

357 3133 459 3196 tentes
494 3131 656 3196 licenciam
686 3131 726 3195 ab
755 3131 861 3196 eadem
891 3129 1027 3215 eligendi
1059 3131 1198 3215 aliquem
1227 3132 1264 3196 de
1294 3133 1357 3198 alia
1389 3133 1549 3199 facultate.

359 3235 415 3300 Cui
438 3235 465 3300 si
482 3235 595 3320 peticio
611 3236 806 3301 rationabilis
823 3236 889 3300 visa
905 3235 1001 3300 fuerit
1022 3237 1075 3302 det
1092 3237 1208 3302 eisdem
1222 3239 1387 3304 licenciam
1410 3241 1552 3324 petitam,

358 3343 412 3425 qui
436 3342 558 3428 eligant
584 3365 677 3426 quem
700 3343 799 3408 velint
821 3342 1033 3426 cuiuscunque
1054 3341 1217 3408 facultatis
1240 3343 1344 3410 fuerit.

443 3445 524 3511 Item
547 3447 573 3511 si
597 3454 731 3530 quatuor
754 3449 787 3512 in
811 3447 962 3512 electione
984 3447 1088 3532 quinti
1111 3448 1306 3532 parilitatem
1335 3449 1475 3515 facerent
1498 3473 1553 3516 vo-

356 3553 457 3614 torum
483 3551 596 3616 Rector
618 3553 833 3618 uniuersitatis
857 3555 991 3635 protunc
1012 3553 1127 3617 habeat
1149 3554 1340 3620 concludere.

443 3656 524 3721 Item
555 3657 768 3723 Conuentores
798 3657 981 3722 electionem
1010 3679 1066 3741 per
1097 3679 1148 3723 eos
1183 3659 1318 3724 fiendam
1339 3660 1460 3726 faciant
1481 3684 1553 3746 prc-

359 3761 436 3826 stito
459 3761 636 3828 iuramento
658 3762 708 3828 vel
730 3763 791 3828 fide
805 3763 874 3828 loco
889 3762 1068 3843 iuramenti,
1092 3765 1174 3847 quod
1191 3765 1307 3851 eligere
1329 3766 1429 3831 velint
1450 3766 1553 3830 virum

357 3867 513 3953 ydoneum
536 3871 568 3932 et
590 3869 700 3933 utilem
722 3869 815 3933 burse
837 3891 873 3934 ac
896 3869 1042 3934 facultati
1066 3870 1137 3935 dolo
1159 3873 1191 3935 et
1214 3871 1324 3936 fraude
1346 3871 1483 3936 seclusis.

442 3971 523 4038 Item
546 3972 686 4058 quinque
702 3973 913 4040 Conuentores
936 3973 1074 4040 habeant
1096 3979 1286 4059 potestatem
1306 3977 1443 4062 eligendi
1466 3999 1553 4042 sex·

355 4082 453 4156 tum,
477 4080 532 4163 qui
554 4080 596 4144 sit
618 4084 861 4164 resumptor
892 4102 950 4164 pro
974 4080 1048 4144 solis
1079 4082 1410 4166 magistrandis,
1443 4082 1554 4166 quiet

354 4207 373 4247 a
394 4184 536 4266 quolibet
558 4186 773 4270 magistrando
797 4187 901 4251 leuare
924 4185 1039 4251 habeat
1059 4209 1116 4270 per
1140 4186 1346 4252 ebdomadam
1377 4188 1454 4254 duos
1477 4189 1553 4253 soli·

355 4289 409 4353 dos
433 4289 464 4353 h.
487 4290 520 4354 in
544 4291 593 4356 die
615 4314 671 4375 per
693 4292 802 4357 horam
826 4292 1018 4357 resumendo.
1066 4292 1249 4379 Poteritque
1279 4293 1333 4359 ille
1355 4299 1461 4360 sextus
1486 4317 1553 4360 esse

355 4394 393 4458 de
417 4416 600 4480 quacunque
623 4398 781 4463 facultate.
828 4397 900 4463 Non
920 4398 1036 4476 minus,
1060 4399 1087 4462 si
1111 4400 1261 4494 peqduas
1285 4399 1378 4464 hores
1403 4404 1551 4478 resumat,

355 4498 484 4565 habebit
506 4501 543 4566 de
566 4502 707 4588 qualibet
729 4502 806 4569 duos
821 4503 935 4569 solidos
951 4525 1045 4570 ruam
1061 4504 1094 4568 in
1109 4505 1254 4590 physica,
1279 4505 1373 4571 aliam
1390 4506 1423 4570 in
1440 4506 1551 4592 logica.
