3464 5318
520 414 563 470 83.
583 411 731 470 Ordinatio
749 414 835 485 Regis
853 415 1024 470 Ferdinandi
1045 417 1120 472 1525.
1158 449 1163 462 ·
1356 425 1415 489 151

219 569 368 634 narsitate
391 572 518 649 exclusi,
542 574 780 659 priuilegijsque
798 573 936 638 ciusdem
959 575 1086 658 priuati.
1132 577 1183 643 Ita
1206 581 1288 664 quod
1304 581 1419 646 Rectcr

219 674 398 739 immediate
429 677 524 740 talem
557 679 688 744 citatum
718 680 752 742 in
775 677 929 744 Consessu
962 679 1189 747 Vniuersitatis
1220 684 1355 750 declaret
1386 688 1418 748 ct

218 779 406 861 pronunciet
428 782 588 848 exclusum
612 787 644 848 et
666 783 827 868 priuatum
849 783 867 847 ¹.

304 882 346 948 Et
368 907 431 968 quo
453 888 581 953 effectus
604 888 785 955 huiusmodi
800 889 988 954 exclusionis
1010 891 1203 974 priuationis
1226 895 1258 956 et
1281 891 1417 957 declara·

218 987 313 1052 tionis
336 995 494 1074 sequatur,
518 995 659 1078 requirat
674 993 862 1058 Praefectum
879 996 928 1060 uel
941 995 1166 1081 Magistratum
1183 995 1418 1080 Tubingeusem

170 1115 184 1140 ο
216 1092 250 1155 in
272 1094 366 1177 pleno
383 1094 610 1163 Vniuersitatis
626 1099 789 1175 Consessu,
812 1104 849 1163 ut
873 1101 962 1164 iuxta
984 1103 1218 1186 compactatum
1241 1101 1339 1165 talem
1363 1125 1418 1166 ex·

216 1196 337 1262 clusum
367 1223 430 1266 uon
454 1205 644 1286 permittant
672 1205 782 1289 vagari
814 1205 932 1270 diutius
963 1227 1019 1290 per
1041 1204 1202 1290 Oppidum
1235 1227 1337 1289 neque
1360 1231 1417 1292 pa-

217 1301 339 1368 tiantur
369 1307 457 1370 uelut
488 1307 662 1393 hospitem,
696 1319 752 1373 aut
774 1309 886 1392 quouis
917 1309 979 1374 alio
1003 1309 1130 1374 nomine
1159 1309 1211 1373 hic
1235 1309 1347 1396 degere
1370 1311 1419 1376 Nc

217 1414 400 1494 corrumpat
419 1415 451 1474 et
474 1411 604 1491 inficiat,
630 1415 731 1479 instar
755 1414 906 1478 morbidae
928 1413 996 1479 ouis
1020 1415 1180 1500 integrum
1196 1414 1342 1500 Gregem,
1366 1417 1418 1482 de-

219 1520 364 1581 cocturus
396 1517 446 1580 uel
478 1522 642 1602 paternam
674 1519 886 1583 substantiam
915 1521 965 1583 uel
992 1519 1202 1586 Ecclesiarum
1224 1522 1417 1605 praebendas,

218 1642 282 1686 nou
304 1620 407 1685 solum
430 1622 462 1686 in
487 1623 686 1686 animasum
709 1623 951 1700 detrimentum,
974 1623 1027 1686 sed
1050 1625 1146 1688 etiam
1169 1625 1207 1690 ad
1230 1630 1418 1709 perpetuum

218 1726 446 1791 Vniuersitatis
467 1726 599 1790 dedecus
622 1726 818 1809 aliorumque
840 1725 1073 1791 offendiculum.

309 1831 413 1898 Simili
429 1831 522 1896 modo
547 1831 723 1909 attendant,
747 1852 786 1894 ne
811 1831 990 1914 quempiam
1014 1831 1193 1896 infamia
1208 1831 1416 1896 natalium

222 1941 367 2000 notatum
391 1941 422 2000 et
444 1937 580 2001 maxime
610 1956 648 1998 ex
670 1935 818 1999 damnato
843 1938 875 1998 et
898 1935 1017 2000 incesto
1041 1937 1126 2001 coitu
1149 1935 1293 2023 genitum
1317 1958 1416 2020 quau·

220 2043 338 2106 tumvis
361 2041 568 2110 sufficientem
592 2033 785 2105 Cancellario
816 2062 873 2125 pro
895 2041 1022 2125 publico
1051 2043 1193 2106 examine
1216 2046 1416 2126 praesentent,

218 2145 290 2212 Nisi
311 2146 408 2211 fuerit
431 2147 481 2210 uel
506 2146 683 2210 aRomano
698 2145 852 2210 Pontifice
875 2147 925 2210 uel
948 2144 1143 2230 Imperatore
1165 2147 1215 2210 uel
1238 2146 1278 2211 ab
1300 2146 1417 2210 eisdem

218 2255 408 2336 potestatem
431 2249 788 2336 habentibusclegitime
810 2252 970 2316 natalibus
992 2252 1169 2316 restitutus.

303 2354 371 2421 Nos
401 2359 506 2420 autem
537 2355 717 2421 huiusmodi
751 2355 1077 2432 ordinationem,
1111 2360 1146 2419 vt
1180 2355 1217 2420 de
1247 2355 1344 2419 uerbo
1375 2357 1414 2419 ad

219 2461 347 2525 uerbum
372 2461 456 2526 bisce
479 2461 605 2547 paginis
629 2461 747 2524 inserta
769 2463 832 2538 est,
864 2460 898 2523 in
931 2457 1077 2524 omnibus
1100 2460 1164 2525 suis
1187 2461 1313 2544 punctis
1337 2461 1414 2524 arti-

217 2565 295 2630 culis
318 2569 350 2629 ct
372 2565 537 2645 clausulis,
568 2569 692 2629 matura
716 2586 839 2648 quoque
861 2567 971 2628 nostra
994 2562 1219 2628 deliberatione
1242 2564 1418 2648 praehabita

216 2669 388 2734 discussam
419 2673 519 2734 ratam
550 2674 738 2754 gratamque
767 2669 920 2734 habentes
951 2668 1115 2732 laudantes
1145 2672 1177 2732 et
1206 2670 1417 2754 approbantes

216 2775 443 2840 inuiolabiliter
473 2775 632 2840 obseruari
661 2780 693 2839 et
723 2797 794 2840 cum
823 2776 935 2838 effectu
964 2773 1076 2857 exequi
1104 2772 1247 2836 uelimus.
1300 2772 1417 2842 iccirco

216 2881 402 2945 mandamus
424 2880 622 2966 iniungimus
644 2884 677 2944 et
699 2881 897 2965 praecipimus
920 2878 1158 2944 honorabilibus
1182 2879 1304 2943 deuotis
1326 2879 1417 2943 nobis

216 2985 340 3050 dilectis
362 2983 536 3067 Praeposito
559 2983 755 3069 Tubingensi
779 2989 932 3068 tanquam
956 2983 1224 3048 Cancellario
1247 2987 1278 3047 et
1301 2982 1417 3067 Super-

219 3090 398 3154 intendenti
420 3087 588 3153 Rectcri
617 3110 653 3153 ac
681 3087 861 3153 Decanis
884 3092 1019 3172 quatuor
1035 3088 1233 3153 Facultatum
1256 3095 1314 3172 pro
1335 3092 1416 3152 tem-

216 3217 292 3278 pore
314 3196 347 3259 in
371 3195 454 3259 dicto
477 3197 586 3258 nostro
609 3192 782 3277 Gymnasio
804 3193 1023 3270 existentibus,
1047 3197 1083 3256 ut
1098 3198 1130 3257 et
1145 3193 1321 3258 officiorum
1344 3213 1417 3256 suo·

217 3322 287 3364 rum
311 3303 342 3362 ct
364 3298 616 3363 iuramentorum
640 3321 769 3383 percos
793 3299 1009 3383 praestitorum
1041 3321 1194 3364 memores
1223 3321 1346 3363 summa
1368 3299 1416 3363 di·

216 3403 349 3488 ligantia
378 3424 472 3487 opera
506 3411 539 3468 et
569 3405 737 3469 sedulitate
766 3407 877 3469 curent
906 3408 1005 3489 agant
1035 3408 1067 3469 ct
1090 3404 1244 3482 efficiant,
1276 3407 1311 3467 vt
1334 3426 1416 3488 prae-

216 3509 341 3587 scriptae
364 3508 577 3573 ordinationes
600 3509 633 3572 iu
656 3509 803 3572 omnibus
827 3513 858 3573 ct
880 3530 936 3592 per
956 3530 1080 3585 omnes,
1112 3509 1194 3573 sicut
1216 3509 1364 3574 conuenit
1385 3512 1418 3574 et
1464 3519 1466 3524 '

216 3635 294 3696 quos
316 3614 350 3676 in
373 3615 576 3698 generosius
598 3615 632 3677 in
654 3615 767 3698 specie,
790 3614 857 3677 siue
881 3613 1006 3677 mixtim
1029 3615 1223 3676 concernunt
1246 3613 1416 3677 inuiolabi-

216 3720 289 3784 liter
305 3720 522 3796 obseruentur,
546 3723 742 3802 exequantur
766 3724 798 3784 et
816 3719 997 3784 nullatenus
1013 3718 1148 3804 infringi
1163 3718 1336 3802 patiantur,
1361 3742 1416 3802 ap-

216 3824 328 3907 positis
350 3823 495 3906 remcdijs
518 3823 645 3888 mulctis
662 3805 698 3888 ⁸et
722 3825 830 3909 pamm,
858 3846 927 3908 quae
951 3823 1028 3906 ipsis
1051 3823 1243 3887 uidebuntur
1265 3821 1417 3886 adhiben-

217 3927 274 4006 dae,
298 3949 375 4011 qna-s
398 3928 438 3991 ab
461 3928 538 4012 ipsis
561 3928 845 4012 transgressoribus
861 3927 1073 4010 cuiuscunque
1088 3926 1278 3990 conditionis
1301 3925 1417 4010 gradus

218 4035 250 4096 et
281 4031 399 4095 ordinis
436 4033 619 4109 extiterint,
654 4032 749 4096 ctiam
779 4033 864 4096 ultra
893 4032 1066 4096 ordinarias
1102 4053 1208 4116 paenas
1230 4032 1269 4095 ad
1291 4030 1416 4095 Fiscum

219 4135 445 4201 Vniuersitatis
462 4137 720 4202 irremissibiliter
736 4137 859 4223 exigere
875 4137 997 4202 debent.
1044 4136 1082 4200 ln
1099 4141 1252 4220 quantum
1275 4139 1416 4199 nostram

218 4245 251 4306 et
262 4239 481 4307 Successorum
503 4248 686 4308 nostrorum
700 4243 884 4328 Principum
908 4243 940 4306 in
957 4240 1122 4326 prouincia
1134 4239 1417 4325 wirtembergensi

216 4387 424 4398 *-

291 4469 303 4521 l
323 4485 344 4522 s.
364 4467 389 4522 S.
410 4467 468 4522 lae.
