3504 5322
312 469 374 534 398
773 465 904 521 F'acnltas
921 465 1042 521 Artium.

312 623 577 710 interrogationes
611 630 705 690 sunto
739 625 949 710 ingenuarum
987 627 1104 693 artium
1143 629 1238 710 atque
1272 625 1513 711 disciplinarum

310 737 405 816 atque
427 729 545 815 linguae
567 751 675 816 graeoae
699 751 735 794 ao
757 730 865 795 latinae
880 732 1049 795 secundnm
1067 731 1262 816 propositam
1283 729 1377 795 huius
1399 728 1513 795 scholae

311 836 497 902 doctrinam.

396 940 478 1004 Tum
500 939 612 1004 deinde
634 940 838 1025 comprobata
861 941 1039 1006 eruditione
1062 940 1301 1006 candidatorum
1326 941 1511 1007 decernetur

310 1046 502 1113 authoritate
525 1042 710 1109 Cancellarii
733 1045 906 1130 publica
928 1046 1163 1131 inquisitio
1186 1068 1272 1111 more
1295 1050 1327 1112 et
1349 1047 1415 1111 ritu
1437 1067 1511 1110 con-

311 1152 466 1228 ueniente,
490 1153 527 1214 ut
545 1149 663 1214 dictum
679 1153 735 1214 est.
782 1148 828 1214 Ea
843 1150 1117 1216 administrabitur
1132 1152 1227 1234 paulo
1243 1151 1390 1217 seuerius.
1427 1148 1510 1215 Nam

311 1261 343 1322 et
367 1255 632 1340 interrogationes
655 1256 913 1341 peruagabuntur
936 1277 991 1339 per
1015 1255 1114 1320 totius
1131 1255 1342 1341 Philosophioe
1356 1260 1512 1341 praecepta

311 1366 344 1427 et
366 1362 399 1424 in
422 1359 507 1424 illius
533 1359 693 1424 interdum
707 1359 940 1426 difficilioribus
962 1361 1038 1425 locis
1063 1362 1222 1438 insistent,
1246 1366 1282 1426 nt
1304 1361 1451 1447 cognosci
1475 1361 1507 1424 in

312 1465 425 1532 studiis
447 1464 614 1549 diligentia
637 1467 668 1528 et
689 1465 856 1529 assiduitas
879 1470 973 1548 atque
997 1467 1154 1550 proiectus
1177 1487 1375 1550 quorumque
1397 1466 1507 1551 possit.

309 1571 416 1654 Atque
437 1570 484 1633 ita
506 1569 544 1633 de
567 1569 725 1634 sententia
747 1568 973 1654 inquisitorum
998 1569 1184 1636 Cancellarii
1208 1572 1380 1636 autoritate
1402 1571 1507 1636 decer·

310 1681 426 1742 nentur
448 1674 583 1740 honores
607 1675 791 1753 candidatio,
815 1676 861 1740 itu
878 1677 1005 1760 quidem
1021 1677 1185 1753 ordinatis,
1210 1680 1246 1740 ut
1267 1677 1417 1740 meritum
1439 1696 1511 1739 eru·

311 1781 439 1846 ditionis
470 1779 598 1844 illorum
630 1779 756 1866 exigere
785 1781 890 1844 uisum
919 1780 1027 1846 fuerit.
1072 1781 1114 1845 Et
1136 1785 1245 1866 postea
1268 1780 1392 1865 publice
1415 1779 1511 1845 etiam

311 1887 513 1952 conferentur
537 1884 728 1949 solennitate
752 1889 953 1970 congruente.

397 1989 567 2058 Praemia
598 1993 700 2054 autern
733 1993 826 2054 erunt
848 1991 1073 2074 inquisitorum
1106 1990 1180 2054 haee.
1225 1990 1333 2056 Vnum
1356 1990 1510 2054 florenum

311 2097 348 2161 ad
382 2116 511 2160 examen
543 2095 705 2179 priuatum
738 2095 858 2181 singuli
889 2096 1049 2160 candidati
1080 2096 1229 2179 pendent.
1284 2094 1360 2160 Haec
1382 2117 1504 2159 samma

312 2201 451 2288 pecunias
474 2201 508 2264 in
531 2200 735 2283 inquisitores
759 2199 982 2284 Decanumque
1016 2205 1048 2264 et
1071 2200 1241 2286 Magistros
1263 2197 1396 2265 Consilii
1426 2201 1507 2264 diui·

310 2309 410 2372 dstur.
456 2305 494 2370 In
518 2307 603 2390 ipsos
626 2306 830 2389 inquisitores
852 2306 1014 2390 impendet
1035 2306 1168 2370 facultas
1191 2306 1347 2371 cruciatos
1370 2303 1442 2382 VII,
1465 2311 1502 2368 ut

310 2416 358 2476 est
373 2411 550 2495 expositum
567 2411 668 2495 capite
683 2409 752 2476 XV.
794 2410 841 2475 De
863 2411 1016 2496 impensis
1031 2411 1288 2502 munusculorum
1310 2412 1439 2476 nomine
1461 2415 1509 2474 est

311 2517 441 2580 dictum.
486 2515 613 2599 Reliqui
628 2521 703 2580 sunt
719 2515 850 2580 cruciati
865 2514 936 2593 XV,
960 2539 1037 2600 quos
1053 2516 1267 2581 numerabunt
1289 2517 1327 2581 ad
1351 2517 1510 2601 publicam

313 2620 579 2686 examinationem
594 2620 714 2705 singuli
728 2620 888 2684 candidati
903 2619 1129 2686 Communitati
1152 2621 1248 2686 studii
1271 2620 1396 2686 artium
1436 2619 1511 2696 Quae

310 2725 473 2811 impendet
496 2725 529 2789 in
550 2724 755 2808 inquisitores
778 2747 903 2809 quoque
924 2730 1065 2811 tempore
1080 2749 1137 2810 pro
1152 2727 1243 2811 copia
1258 2727 1508 2803 candidatorum,

311 2835 465 2914 quantum
489 2829 614 2914 quidem
646 2829 793 2894 statuerit
815 2828 989 2894 Consilium
1013 2830 1240 2896 Vniuersitatis
1263 2831 1376 2896 scholae
1399 2828 1504 2909 huius,

310 2937 349 3000 ad
373 2936 456 3019 quod
479 2955 602 3020 quoque
624 2939 765 3020 tempore
788 2956 824 2998 ca
845 2934 884 2998 de
907 2958 940 3000 re
963 2935 1144 3000 referretur.

347 3109 402 3174 De
424 3108 590 3174 solenni
614 3109 908 3175 declaratione
940 3131 1140 3174 nouorum
1164 3109 1472 3194 Magistrorum

807 3215 881 3301 Cap.
906 3213 1012 3280 Xllll.

397 3353 457 3430 Qui
481 3354 545 3418 iam
568 3353 657 3438 digni
680 3352 741 3416 uisi
764 3359 859 3438 atque
881 3355 998 3439 reperti
1021 3355 1123 3432 luere,
1149 3356 1263 3440 quibus
1286 3355 1420 3421 honores
1442 3377 1509 3420 ma-

310 3461 456 3548 gistrales
480 3459 737 3537 decernerentur,
762 3457 801 3522 iis
824 3459 948 3542 publice
971 3480 1027 3542 pro
1050 3461 1197 3525 contione
1220 3460 1429 3527 studiosorum
1452 3461 1512 3524 in-

311 3567 455 3650 signia
477 3563 699 3639 honorum,
722 3566 758 3626 ut
781 3564 861 3628 solet
883 3564 1092 3629 conferentur.
1139 3566 1214 3632 Haec
1236 3567 1357 3631 curatio
1380 3571 1427 3629 est
1443 3565 1506 3631 De·

310 3675 381 3741 cani
404 3671 542 3758 propria,
567 3693 661 3753 quarn
684 3669 747 3734 nisi
771 3668 969 3734 Vniuersitas
993 3672 1173 3756 permiserit
1191 3671 1239 3736 illi
1262 3671 1377 3736 scholae
1400 3670 1504 3748 huius,

311 3785 348 3846 ut
369 3779 466 3844 alium
491 3775 706 3854 substitueret,
730 3776 817 3840 obire
832 3776 935 3860 ipsum
952 3780 1085 3861 oportet.
1131 3777 1302 3863 Peragetur
1319 3780 1424 3840 autem
1447 3775 1507 3841 hoc

310 3906 424 3950 munus
456 3880 622 3946 aDeoano
655 3882 862 3946 conueniente
889 3883 963 3946 ritu.
1010 3883 1082 3967 Ipse
1112 3884 1172 3947 erit
1196 3882 1326 3947 honeste
1349 3904 1407 3965 pro
1431 3903 1507 3946 oon-

310 3988 475 4056 suetudine
505 3985 619 4050 horum
649 3990 827 4070 temporum
857 3989 992 4052 uestitus
1014 3989 1250 4074 orationemque
1277 3987 1408 4052 habebit
1430 4007 1506 4050 oon-

310 4100 491 4162 sentaneam
509 4091 582 4184 his,
606 4112 674 4173 quae
697 4097 868 4177 geruntur,
891 4097 988 4176 utque
1010 4095 1117 4159 onmia
1139 4095 1219 4158 fiant
1242 4093 1352 4160 ordine
1374 4090 1506 4157 uidebit.

362 4269 416 4334 De
441 4267 717 4353 promissione
740 4289 943 4333 nouorum
967 4290 1055 4333 curn
1078 4269 1457 4350 Racoaluureorum

696 4376 780 4436 tum
804 4371 1121 4458 Magistrorum.

398 4513 549 4580 Poscente
566 4513 700 4580 Notario
722 4515 773 4579 uel
797 4514 922 4599 publico
947 4514 1096 4580 ministro
1118 4515 1286 4599 promittet
1308 4517 1374 4577 tarn
1392 4509 1508 4574 Bacca-

311 4625 436 4692 laureus
459 4645 553 4706 quarn
577 4622 731 4708 Magister
754 4643 871 4687 nouus:
