3460 5314
323 495 390 558 288
784 489 915 546 Facultas
934 491 1068 546 Juridiea.

319 650 383 714 alia
404 649 566 714 facultatis
589 653 674 727 suut,
699 669 783 714 nouo
806 649 933 716 Decano
956 651 1015 715 sub
1038 651 1099 716 fide
1115 649 1296 715 Jurameuti
1319 649 1368 714 sui
1391 650 1431 716 ad
1453 671 1524 715 ms·

319 777 380 819 uus
402 754 536 818 reddito.

899 893 939 958 V.

707 1031 943 1097 Praemium
966 1031 1137 1098 Decaui.

410 1179 437 1238 1.
461 1172 675 1239 Houorarium
704 1171 845 1256 precium
867 1170 996 1249 Decem,
1020 1193 1078 1258 pro
1100 1170 1262 1236 laboribus
1286 1174 1317 1234 et
1339 1171 1443 1256 operis
1466 1174 1528 1238 im-

321 1279 428 1362 pensis
450 1278 519 1343 uicc
542 1277 697 1362 Stipendij
728 1277 766 1341 de
798 1278 918 1342 aerario
949 1275 1050 1361 Studij
1076 1275 1164 1342 Juris
1185 1275 1445 1366 persoluendum,
1473 1299 1528 1341 ser

322 1382 435 1448 floreui
457 1389 565 1448 sunto.

415 1491 444 1552 2.
468 1485 607 1570 Quisque
621 1484 766 1550 Decauus
788 1487 931 1551 omnium
953 1507 991 1551 ex
1014 1487 1126 1552 ordine
1142 1487 1281 1566 nomina,
1306 1487 1359 1571 qui
1376 1488 1435 1553 sub
1457 1509 1527 1552 ma·

321 1591 459 1676 gistratu
489 1612 546 1655 suo
569 1590 727 1656 honorum
757 1591 897 1676 iusignia
924 1591 1032 1676 adepti
1054 1595 1144 1670 sunt,
1178 1597 1211 1657 et
1240 1593 1382 1677 precium
1412 1592 1525 1656 serario

321 1695 420 1760 studii
451 1695 530 1759 iuris
564 1695 603 1760 ab
634 1695 679 1760 eis
712 1695 745 1759 in
769 1696 901 1779 pecunia
923 1701 1126 1760 numeratum
1158 1696 1192 1760 iu
1219 1697 1292 1762 albo
1314 1697 1408 1761 huius
1430 1696 1527 1779 studij

322 1822 407 1864 anuo
429 1800 525 1865 simul
547 1823 584 1866 ac
607 1801 656 1865 die
679 1800 806 1876 additis,
829 1823 868 1865 cx
883 1823 970 1866 more
990 1801 1190 1866 conscribite
1236 1801 1299 1866 Pro
1315 1823 1378 1885 qua
1394 1801 1529 1884 inscrip-

323 1906 409 1970 tione
431 1905 661 1970 Baccalaureus
685 1909 822 1989 quatuor
852 1906 985 1985 solidos,
1016 1905 1214 1972 licentiatus
1237 1929 1312 1971 uero
1333 1907 1384 1970 uel
1412 1904 1532 1970 Doctor

323 2015 445 2094 septem
470 2011 586 2076 solidos
608 2012 637 2076 ei
660 2012 782 2076 soluere
805 2014 960 2076 tenentos.

411 2120 441 2180 3.
465 2115 500 2180 Si
523 2115 645 2180 aduena
668 2117 726 2194 sit,
758 2117 825 2180 siue
847 2116 974 2195 Doctm,
998 2117 1066 2182 siue
1088 2116 1294 2197 Licentiatus‚
1319 2116 1381 2182 huo
1404 2116 1443 2180 ad
1466 2137 1528 2181 nos

323 2220 490 2304 profectus,
508 2220 585 2285 etin
601 2244 769 2286 numerum
781 2220 1040 2286 Consiliariorum
1056 2221 1227 2300 adhibitus,
1252 2221 1396 2307 collegio
1420 2227 1531 2287 nostro

321 2325 472 2389 florinum
495 2347 604 2405 unum,
629 2325 756 2391 Decanc
778 2326 944 2405 similiter,
967 2332 1003 2392 ut
1025 2327 1088 2404 isti,
1118 2328 1174 2411 qui
1198 2327 1249 2392 bic
1271 2327 1354 2411 apud
1378 2350 1435 2393 nos
1457 2349 1532 2412 gra-

323 2429 381 2493 dus
402 2429 546 2495 fecerrmt
568 2435 624 2495 sut
646 2431 757 2496 titulos
780 2431 938 2497 consecuti
959 2434 1052 2509 suut,
1085 2429 1243 2496 Ministris
1265 2430 1371 2496 autem
1393 2430 1531 2516 publicis

324 2534 489 2598 dimidium
516 2535 665 2600 florinum
695 2537 819 2602 soluito.
892 2536 1119 2602 Buccaleureus
1152 2559 1228 2602 uero
1261 2537 1391 2602 dimidio
1424 2537 1532 2602 minus

326 2643 496 2723 praestato.

414 2751 445 2810 4.
468 2745 612 2812 Decuuus
635 2748 768 2832 gradum
791 2748 989 2814 decernentis
1012 2753 1170 2813 eteorum
1187 2749 1301 2833 quibus
1325 2746 1451 2812 decerni
1473 2745 1529 2808 de-

326 2850 407 2928 bet,
430 2873 578 2935 expressa
599 2853 730 2918 nominc
752 2877 808 2938 per
830 2876 960 2918 manum
983 2853 1109 2937 Notarij
1133 2858 1166 2918 et
1188 2853 1247 2917 sub
1271 2852 1377 2937 sigillo
1400 2849 1533 2935 Ocllegij

326 2954 360 3017 in
386 2955 493 3019 studio
515 2955 603 3021 Juris
628 2958 753 3042 publice
776 2958 874 3044 adfigi
899 2962 1015 3023 curato.

414 3067 443 3125 5.
471 3059 649 3148 Collegium
671 3063 773 3149 Studij
797 3061 885 3128 Juris
914 3063 1036 3134 habeat,
1051 3063 1197 3147 deinceps
1220 3082 1375 3140 arcam,
1406 3060 1529 3125 duabus

326 3164 404 3230 'seris
427 3169 460 3228 et
481 3165 623 3231 clunibus
646 3167 745 3251 probe
767 3167 933 3246 munitum,
957 3168 991 3231 in
1013 3190 1077 3251 qua
1092 3167 1304 3232 instrumenta
1325 3168 1358 3229 et
1379 3165 1443 3229 alin
1465 3163 1529 3228 sibi

326 3271 501 3334 necessaria
523 3271 645 3336 inclusa
660 3277 835 3338 seruantur.
881 3272 1026 3337 Cluuium
1046 3293 1144 3336 uuam
1158 3269 1314 3349 Dccanus,
1338 3270 1471 3335 alteram
1494 3268 1535 3332 ed

326 3375 359 3439 id
380 3376 549 3460 deputatus
571 3397 731 3442 successor
753 3377 903 3442 habento.

905 3549 962 3618 Vl.

656 3724 711 3792 De
733 3727 957 3813 petitione
985 3726 1202 3791 honorum.

418 3874 445 3933 1.
469 3869 534 3934 Vbi
555 3873 665 3954 petens
699 3870 853 3935 honorem
875 3869 1029 3934 admissus
1059 3872 1109 3933 est
1147 3867 1185 3931 ad
1208 3865 1423 3952 publicum
1445 3884 1536 3928 exa-

329 3996 442 4053 men,
466 3973 610 4040 Decanus
632 3976 692 4041 hoc
706 3998 763 4060 per
777 3974 964 4041 Schedulam
979 3975 1031 4039 uel
1046 3973 1229 4037 ministrum
1244 3969 1408 4055 publicum
1431 3968 1528 4053 quin·

329 4103 390 4165 que
411 4080 521 4145 dicbus
556 4084 726 4165 antequam
757 4083 928 4167 peragatur
960 4079 1044 4144 istud
1076 4077 1266 4144 Doctcribus
1296 4076 1444 4141 iudicato.
1490 4073 1535 4138 Et

330 4184 538 4250 nihilomiuus
562 4191 670 4251 tamen
691 4186 794 4270 pridie
809 4191 884 4251 ante
898 4186 1118 4270 insequentem
1134 4183 1254 4269 publici
1267 4179 1422 4248 examinis
1436 4179 1532 4258 diem,

329 4290 469 4374 reliquos
506 4311 542 4354 ac
573 4291 716 4376 singulos
751 4290 903 4357 Doctores
933 4313 990 4379 per
1013 4288 1202 4356 Schedulum
1231 4311 1325 4354 mane
1353 4286 1393 4351 ad
1423 4285 1537 4352 horam

331 4395 477 4478 quintam
500 4399 643 4480 tempore
665 4396 823 4482 hyemali,
848 4399 888 4462 ed
912 4401 1059 4482 quartam
1081 4420 1157 4463 uero
1180 4395 1290 4461 horem
1312 4394 1432 4459 aestiuo
1454 4396 1538 4457 tem-

332 4522 407 4587 pore
431 4501 465 4565 in
489 4502 652 4568 ecclesiam
676 4508 859 4570 conuocato.
905 4501 1050 4568 Primum
1074 4504 1157 4583 illie,
1180 4505 1217 4566 ut
1238 4500 1375 4587 gratiam
1398 4497 1541 4584 Spiritus
