3424 5308
705 472 789 529 laea.
919 479 922 486 '

506 645 508 649 ’
619 631 738 696 Mensis
761 631 862 697 Junii.

164 737 192 797 3.
217 734 417 819 Volfgangus
440 733 690 800 Sohnartznauer
720 741 748 800 6.
858 766 862 774 ·

164 843 192 901 4.
216 836 410 903 Vendelinus
433 837 548 925 Lanng
571 863 608 904 ex
633 840 772 905 Gartaoh
805 849 833 904 7.

164 949 191 1007 5.
215 943 384 1008 Heinriaus
408 943 553 1010 Woluius
576 969 614 1010 ex
637 945 792 1030 Ottingen
821 951 870 1010 15.

166 1051 194 1110 6.
218 1046 366 1112 Kilianus
390 1047 566 1133 hilgenfien
590 1049 799 1137 (Gilgenfeyn
823 1074 860 1114 ex
886 1051 1093 1136 Garlenstatt)
1119 1059 1168 1118 22.

165 1158 183 1216 7
187 1202 192 1214 .
219 1151 390 1238 Gregorius
413 1153 563 1238 Bretzger
586 1179 624 1220 ex
647 1155 787 1219 Kirehen
812 1161 862 1221 27.

626 1255 744 1322 Mensis
767 1257 854 1322 Jnlii.

167 1367 196 1426 8.
221 1361 364 1427 Andreas
386 1363 528 1428 Brantell
551 1385 590 1427 ex
613 1362 820 1427 Reiehenhall
848 1370 873 1427 1.

120 1453 122 1458 ⁵
166 1473 194 1530 9.
218 1467 441 1552 cristophorus
463 1467 614 1533 Sohbblin
639 1489 676 1531 ex
700 1467 852 1552 Jesingen
883 1475 897 1532 1
925 1492 948 1534 s.
974 1474 1002 1532 2.

146 1578 193 1636 10.
218 1571 356 1636 Joannes
380 1573 588 1638 Flasohnerus
610 1571 790 1656 Nornberg.
816 1577 845 1636 6.

146 1682 193 1739 11.
219 1676 262 1741 M.
286 1676 335 1740 J0.
360 1675 529 1761 Lipparius
554 1677 815 1742 Brantoharensis
847 1684 894 1742 10.

146 1785 192 1845 12.
217 1781 417 1846 Christianus
441 1781 657 1866 Hospinionns
680 1804 717 1846 ex
741 1780 831 1847 Stain
863 1788 910 1845 11.
957 1781 966 1804 ⁸

147 1891 195 1950 13.
221 1886 384 1951 Barnabas
406 1888 528 1952 Voreus
551 1891 569 1951 a
592 1887 690 1952 Fossa
712 1887 833 1963 Gallus,

147 1997 194 2055 14.
219 1991 374 2056 Heluinus
396 2017 415 2056 a
438 1992 519 2056 Lino
541 1992 684 2056 Petreius
707 1992 815 2056 Gallus
843 1997 892 2055 17.
919 1997 936 2055 7
963 1993 1068 2056 baoios
1092 1993 1253 2056 dederunt.

145 2104 193 2161 15.
220 2098 357 2164 Thomas
382 2098 676 2164 Τ313111113113833
700 2098 825 2182 Anglus
855 2103 900 2162 18.

145 2208 193 2268 16.
217 2202 379 2269 Antonius
401 2226 420 2267 a
442 2202 556 2267 Mediis
582 2204 761 2268 Beruensis.

148 2314 197 2372 17.
221 2308 358 2372 Thomas
381 2307 511 2372 Allman
533 2309 835 2393 Mettenburgensis.

146 2419 193 2476 18.
219 2412 343 2477 Blasius
367 2413 518 2478 Rillerins
543 2413 780 2478 Aurelianensis
804 2413 913 2477 Gallus
936 2412 1074 2477 famulus
1102 2409 1247 2474 Volmari
1278 2415 1287 2470 l
1314 2430 1338 2471 s.

591 2519 710 2582 Mensis
733 2519 882 2603 Augusti.

144 2627 192 2686 19.
217 2621 396 2686 Bernardus
419 2621 569 2709 Sohlager
594 2623 771 2708 (Sehlaher)
795 2645 833 2688 ex
857 2623 1040 2706 Waiblinga
1064 2627 1091 2684 7.

142 2733 192 2791 20.
216 2726 374 2791 Fabianus
397 2726 487 2813 Egen
510 2751 548 2792 ex
571 2729 659 2793 Sultz
682 2733 711 2792 9.

142 2837 192 2895 21.
217 2832 341 2897 Jeorius
364 2831 464 2897 Sailer
487 2835 524 2896 de
548 2833 729 2918 Geislingen
761 2839 774 2897 1
800 2856 824 2896 s.

140 2943 191 3000 22.
215 2935 404 3000 Laurentius
427 2936 504 3022 Hug
527 2960 564 3001 ex
589 2937 771 3021 Gernspaeh
802 2944 849 3002 l7.

142 3047 192 3106 23.
217 3039 353 3106 Jaeobus
375 3042 480 3107 Hesoh
503 3065 542 3107 ex
563 3041 651 3106 Sultz
675 3047 725 3106 28.

140 3153 190 3210 24.
215 3147 361 3211 Matheus
384 3148 422 3211 de
444 3147 615 3212 Roteuhan
639 3169 676 3211 ex
701 3147 952 3212 ltentwinsdorff
977 3152 1027 3210 28.

140 3260 190 3317 25.
214 3253 353 3318 Joannes
376 3274 414 3316 ex
436 3253 584 3317 Samham
608 3251 775 3336 Bomberg.
809 3257 859 3315 28.

572 3356 691 3421 Mensis
721 3355 907 3440 Septembri.

142 3469 193 3528 26.
218 3462 383 3548 Georgius,

142 3572 192 3631 27.
217 3567 365 3646 Joannea

143 3677 194 3736 28.
220 3672 365 3737 Matheus
388 3671 524 3736 Schoder
547 3671 784 3756 Herpipolitani
809 3675 858 3733 21.

590 3777 709 3842 Mensis
733 3774 887 3840 Octobris.

141 3890 191 3948 29.
216 3883 405 3948 Laurentius
428 3882 494 3947 Len
517 3905 553 3946 ex
577 3881 744 3956 Feldlriroh
769 3885 787 3943 2
813 3878 894 3943 nihil
918 3879 1011 3943 dedit.

139 3993 189 4052 30.
215 3987 305 4053 Joan.
330 3985 490 4050 Gonradus
516 3984 677 4049 Walkiroh
701 3982 954 4049 Sohaffhnsensis
987 3987 1034 4045 14.

207 4178 233 4230 4.
251 4179 287 4231 Μ.
307 4177 339 4230 Α.
360 4178 436 4231 1540.
454 4205 487 4214 -
507 4179 531 4230 5.
550 4174 656 4229 Bruder
674 4174 722 4228 des
741 4172 943 4240 Hieronymus,
972 4171 1104 4239 Physious
1131 4171 1161 4224 in
1179 4171 1338 4242 Nllrnberg.

140 4268 176 4320 M.
196 4268 227 4319 A.
249 4267 325 4319 1542.
345 4295 376 4303 —
397 4265 421 4317 0.
440 4263 579 4333 Superint.
598 4262 628 4315 in
647 4261 780 4316 l'ellbaeh
799 4277 825 4312 u.
844 4259 896 4313 auf
912 4258 1034 4312 anderen
1053 4259 1176 4313 Plarren.
1213 4258 1338 4313 Studiert

140 4355 209 4408 1533
228 4351 258 4405 in
275 4352 426 4420 Marburg,
453 4368 495 4404 wo
513 4367 543 4404 er
566 4351 608 4404 als
629 4347 876 4404 Garolostadianus
906 4347 987 4401 inser.
1006 4347 1051 4400 ist.
1072 4377 1102 4384 -
1123 4349 1147 4401 7.
1168 4345 1239 4401 Aeta
1258 4345 1337 4401 Cous,

139 4439 222 4493 Univ.
249 4440 324 4492 1538.
352 4469 383 4477 -
413 4438 452 4491 18.
481 4437 528 4490 des
555 4436 686 4493 Melchior
714 4435 830 4490 Volmar
858 4433 912 4488 nor
941 4451 962 4485 s.
987 4433 1012 4486 8.
1043 4435 1101 4488 171.
1120 4463 1153 4474 -
1174 4435 1214 4488 20.
1242 4434 1337 4488 813111-

138 4525 277 4581 schreiber
295 4525 325 4578 in
344 4525 522 4594 Reutlingen,
541 4523 848 4581 KammerProourator.
868 4553 899 4561 -
918 4522 960 4576 23.
979 4521 1015 4574 M.
1034 4523 1066 4576 A.
1088 4523 1162 4575 1513.
