3504 5322
354 478 417 542 390
812 475 944 529 Facultas
963 473 1083 528 Artium.

352 637 402 700 sit.
449 637 523 713 Quae
554 637 686 701 studiosi
720 635 886 700 attulerint
908 633 1080 719 Magistro,
1113 635 1201 699 ouius
1230 639 1300 700 tum
1330 635 1391 700 erit
1421 635 1551 714 curatio,

355 741 523 820 tradunto,
555 741 609 805 ille
631 740 762 805 recitato
784 740 822 804 de
844 741 1001 823 superiore
1023 742 1091 805 loco
1115 742 1147 804 et
1169 739 1332 804 emendato
1368 740 1548 823 impertito-

356 869 416 930 que
439 869 528 911 suam
552 846 672 910 meritis
695 845 849 909 laudem(
886 843 923 908 Si
944 843 1025 909 nihil
1048 845 1181 910 allatum
1204 845 1317 923 fuerIt,
1346 851 1379 910 81
1403 845 1469 928 ipse
1493 866 1548 908 ne·

356 951 542 1036 gligentiurn
575 956 606 1016 ct
638 951 812 1015 socordiam
850 948 977 1014 illorum
1007 949 1112 1013 uerbis
1145 950 1381 1034 reprehendito,
1421 948 1553 1033 posthac

354 1078 394 1120 88
417 1056 455 1120 ad
478 1077 549 1119 eum
572 1055 699 1120 modum
723 1054 919 1140 negligentes
943 1075 1007 1118 esse
1030 1054 1131 1118 uelint
1154 1057 1299 1134 moneto,
1324 1055 1363 1118 ad
1385 1054 1552 1118 assiduita-

357 1164 422 1224 tem
444 1159 538 1225 huius
562 1161 664 1244 operis
687 1159 840 1235 hortator,
864 1159 1013 1244 exponito
1036 1163 1190 1242 quantum
1214 1161 1247 1224 in
1271 1182 1307 1225 eo
1329 1159 1479 1224 utilitatis
1502 1159 1552 1222 in·

358 1268 409 1344 sit,
435 1265 509 1349 quid
532 1266 664 1330 desertio
689 1264 793 1329 damni
817 1263 929 1328 datura
950 1247 1023 1328 sit

444 1369 504 1435 Sed
526 1371 665 1435 materiae
688 1373 781 1434 erunt
803 1369 868 1433 eius
890 1370 1025 1455 generis
1049 1370 1131 1454 quod
1153 1370 1324 1435 Rhetorica
1339 1369 1552 1456 Progymnas-

359 1479 445 1540 mate
469 1476 589 1552 dixere,
623 1474 737 1538 tabulae
768 1474 909 1538 historiae
938 1474 1181 1538 narratiunculae
1204 1477 1410 1560 paraphrases
1432 1479 1552 1540 astruc-

357 1581 459 1646 tiones
479 1581 705 1645 destructiones
736 1583 768 1644 et
800 1579 848 1643 his
879 1579 1005 1642 similia.
1052 1578 1102 1642 Ita
1132 1579 1407 1665 progredientibus
1440 1579 1553 1644 studiis

357 1685 532 1750 iuuentutis
565 1685 604 1749 ad
627 1685 767 1768 integras
790 1682 1131 1748 Declamationes
1154 1683 1356 1762 deueuietur,
1382 1705 1460 1767 quas
1484 1684 1553 1748 Ma·

360 1790 455 1875 gistri
477 1790 614 1873 primum
645 1788 794 1868 obibunt,
827 1810 900 1852 mox
932 1791 964 1850 et
995 1787 1150 1852 studiosos
1179 1788 1317 1873 reliquos
1348 1790 1498 1854 inducent
1521 1790 1554 1852 in

361 1896 442 1960 hunc
464 1896 558 1960 uiam.
604 1893 710 1975 Atque
725 1893 974 1976 disputationum
990 1893 1129 1976 itemque
1143 1893 1305 1959 Rhetorici
1320 1895 1416 1960 studii
1433 1894 1555 1960 soboles

364 1999 495 2064 coluisse
517 1999 697 2084 petentibus
721 1997 854 2063 honores
878 1998 1086 2062 necessarium
1112 2003 1187 2063 esto.

362 2224 419 2289 De
441 2225 671 2309 discipulis
703 2225 836 2289 studii
868 2224 1062 2288 bonarum
1092 2227 1249 2291 artium
1279 2230 1318 2292 et
1340 2227 1551 2312 petitione

753 2330 947 2394 honorum
970 2328 1045 2413 Cap.
1069 2328 1159 2394 XIII.

446 2523 589 2587 Honores
611 2522 776 2607 diligentia
791 2522 975 2588 assiduitate
1000 2523 1169 2608 uigilantia
1184 2522 1349 2608 singulari,
1373 2524 1457 2588 unde
1478 2545 1552 2608 pro-

359 2629 460 2692 fectus
484 2628 590 2692 abesse
614 2630 733 2712 nequit,
756 2629 1011 2693 incumbentibus
1041 2629 1194 2693 bonarum
1218 2630 1337 2693 artium
1360 2630 1473 2694 studiis
1496 2629 1548 2693 Ira-

357 2735 425 2798 beri
455 2734 573 2812 solent,
607 2756 739 2816 quorum
769 2736 844 2796 sunt
872 2735 960 2816 quasi
984 2733 1099 2818 gradus
1130 2733 1274 2817 quidam,
1308 2758 1363 2818 per
1387 2757 1464 2818 8808
1486 2734 1554 2797 11811

357 2839 592 2924 progressiones
615 2859 811 2902 consueuere.
857 2837 926 2902 Hoc
949 2860 1012 2902 non
1037 2839 1129 2902 modo
1152 2839 1290 2922 ipsorum
1315 2827 1416 2917 causa,
1441 2840 1554 2923 quibus

361 2944 394 3008 hi
417 2944 626 3021 mandantur,
657 2944 711 3021 fit,
742 2945 795 3008 sed
819 2944 995 3009 consulitur
1018 2945 1113 3008 811881
1136 2945 1301 3022 omnibus,
1325 2967 1459 3028 quorum
1481 2966 1555 3008 usus

362 3050 484 3134 indiget
507 3049 616 3133 peritis
640 3049 801 3113 1118181881
826 3054 858 3113 81
873 3051 961 3132 quasi
977 3049 1149 3113 artificibus
1165 3049 1412 3133 disciplinarum.
1453 3048 1556 3113 Testi-

363 3153 504 3216 monium
520 3157 568 3216 est
584 3153 668 3217 enim
691 3153 749 3218 hoc
764 3155 932 3238 grauitatis
949 3153 1076 3218 illorum
1093 3159 1125 3218 et
1147 3155 1295 3232 scientiae,
1318 3159 1354 3217 ut
1377 3156 1411 3217 in
1435 3154 1555 3218 delectu

362 3257 571 3340 imperitiores
595 3280 698 3322 811818
722 3281 785 3322 808
810 3259 874 3322 1818
898 3259 1028 3343 possint.
1076 3257 1149 3322 Non
1166 3259 1268 3323 solum
1292 3263 1398 3322 autem
1422 3260 1476 3343 qui
1498 3258 1555 3322 ho-

359 3383 450 3426 nores
471 3362 531 3426 sibi
561 3363 684 3428 decerni
718 3368 827 3447 petent
850 3366 958 3429 ordine
987 3365 1101 3429 etrite
1125 3365 1163 3428 ad
1187 3365 1258 3428 illos
1281 3365 1469 3448 procedent,
1503 3365 1557 3428 sed

362 3467 476 3551 reliqui
498 3469 594 3532 811818
609 3469 751 3546 studiosi,
775 3470 800 3534 si
817 3471 871 3553 qui
894 3470 933 3534 ab
949 3470 1008 3534 hac
1023 3471 1105 3535 forte
1121 3492 1195 3534 8818
1212 3469 1355 3544 aberunt,
1380 3469 1556 3534 studiorum

361 3557 467 3636 1111888
489 3574 594 3655 spacia
615 3576 691 3638 scite
713 3579 744 3638 et
767 3575 911 3640 decenter
934 3577 1109 3640 conficient.

450 3676 593 3741 Primum
616 3677 715 3762 igitur
738 3701 829 3742 88180
852 3679 934 3744 88811
968 3701 1000 3744 88
1023 3702 1079 3764 pro
1102 3680 1240 3743 studioso
1263 3680 1417 3744 bonarum
1440 3679 1558 3743 artium

361 3784 533 3860 uenditare,
560 3784 727 3866 quinon
750 3785 959 3870 Magistro
990 3808 1028 3850 se
1057 3785 1150 3850 811881
1175 3789 1260 3850 88110
1283 3788 1315 3848 81
1337 3806 1393 3848 880
1416 3783 1558 3848 subdi-

361 3889 486 3966 derit,
511 3890 598 3952 cuius
615 3891 1131 3975 88188111188101188888811811181
1147 3891 1343 3954 instituatur.
1368 3887 1559 3974 Magistrum

361 3999 466 4058 881881
489 4015 574 4058 8888
597 3995 735 4080 intelligi
758 3997 903 4060 uolumus
927 3997 1061 4061 honores
1085 3997 1179 4061 huius
1195 3996 1557 4060 8018181880888881881.

361 4099 394 4164 Si
417 4100 488 4182 quis
511 4103 616 4163 tamen
641 4102 791 4177 eruditus,
816 4101 870 4183 qui
892 4101 1023 4185 gradum
1049 4101 1145 4165 istum
1161 4101 1302 4165 nondum
1318 4098 1558 4176 conscendisset,

362 4225 473 4289 pueros
504 4225 539 4268 88
573 4204 741 4290 discipulos
774 4205 888 4269 habere
916 4205 1067 4281 uoluerit,
1100 4204 1146 4267 itu
1176 4205 1204 4267 ei
1227 4204 1352 4268 demum
1375 4203 1435 4268 hoc
1456 4203 1559 4268 iacere

361 4310 464 4386 liceat,
488 4309 514 4372 si
538 4309 625 4392 prius
649 4311 714 4393 ipse
737 4333 803 4375 sese
824 4311 879 4373 uni
902 4309 952 4373 uel
977 4307 1107 4373 Ductori
1133 4309 1181 4371 uel
1205 4307 1359 4394 Magistro
1383 4308 1478 4372 studii
1501 4308 1558 4372 bo·

362 4437 475 4478 narum
500 4414 616 4478 artium
642 4415 734 4479 huius
758 4415 871 4479 scholae
894 4412 1067 4476 subdiderit
1094 4417 1125 4476 et
1148 4413 1362 4478 habendorum
1387 4412 1558 4497 discipulo·

362 4542 432 4586 rum
454 4525 642 4606 potestatem
665 4524 705 4588 ub
722 4521 937 4588 VniuersItstu
953 4519 1137 4586 scholastica
1161 4517 1344 4595 obtinuerit,
1370 4539 1439 4602 qum
1462 4517 1559 4582 etium
