3504 5322
345 441 409 503 ¹133
891 436 992 493 Bursae.

345 597 454 662 diebus
477 603 547 662 octo
571 599 605 662 in
628 620 683 662 suo
705 601 796 662 coetu
819 597 943 674 viuere,
977 601 1076 680 quem
1098 598 1177 662 sciet
1199 619 1261 661 non
1287 597 1407 662 dedisse
1430 617 1547 660 nomen

343 725 436 767 suum
459 704 493 766 in
517 704 714 768 scolasticam
730 703 903 780 ciuitatem,
928 724 1030 785 neque
1045 702 1078 765 in
1094 702 1133 767 al
1144 703 1232 766 bum
1249 700 1449 766 Rectoris
1463 699 1547 765 Vni-

343 807 503 872 uersitatis
533 808 627 872 huius
659 808 773 872 scholae
804 809 995 872 nominatim
1026 808 1158 872 relatum
1192 829 1266 872 esse.
1329 805 1400 870 Neu
1431 805 1549 868 [lector

342 912 437 976 initia
458 913 661 978 vexationum
685 914 775 978 nouis
797 915 953 990 decernat,
979 913 1040 977 nisi
1063 912 1249 998 cognoueriI
1272 911 1354 996 apud
1379 910 1546 975 Rectorem

343 1016 569 1082 Vniuersitatis
599 1016 763 1102 professos.
817 1019 876 1093 Qui
906 1018 1164 1097 contrafecerit,
1198 1018 1350 1083 mulctam
1373 1015 1466 1079 unius
1488 1015 1547 1078 fio·

343 1123 412 1187 reni
435 1123 559 1188 soluito.

914 1264 971 1330 VI.

434 1386 472 1450 In
496 1388 608 1472 primis
639 1389 827 1453 adnitantur
849 1388 1065 1475 magistri,
1095 1393 1130 1452 vt
1159 1412 1179 1453 a
1201 1388 1364 1474 discipulis
1388 1392 1543 1456 amentur.

350 1493 420 1558 Hoc
441 1493 533 1557 facilc
553 1493 762 1569 obtinebunt,
793 1495 820 1558 si
843 1495 914 1559 illos
946 1496 1078 1579 paterno
1101 1493 1215 1558 affectu
1238 1494 1357 1559 fuerint
1380 1493 1545 1579 complexi.

345 1596 517 1662 Declarent
538 1599 637 1683 igitur
659 1599 772 1662 virtuti
796 1621 847 1677 se,
878 1621 941 1663 non
973 1597 1143 1662 commodis
1175 1597 1249 1662 ullis
1270 1601 1397 1665 seruire.
1443 1598 1545 1663 Asue-

343 1703 465 1767 faciant
483 1703 685 1768 'iuuentutem
709 1704 845 1769 libenter
868 1704 906 1769 ad
930 1726 963 1768 se
979 1704 1132 1783 accedere,
1156 1726 1218 1768 non
1235 1703 1376 1789 fugitare
1398 1725 1546 1789 conspec-

347 1810 415 1872 tum
433 1830 544 1885 suum;
566 1808 704 1894 benigne
720 1810 890 1897 appellent,
914 1813 1071 1888 moueant,
1089 1809 1230 1888 doceant,
1247 1813 1382 1874 terrores
1397 1815 1429 1874 et
1444 1809 1546 1874 minas

346 1914 434 1996 quasi
457 1914 489 1976 in
513 1915 631 1999 vagina
653 1916 692 1978 ad
715 1915 905 1980 necessarios
935 1937 1009 1979 rsus
1033 1915 1201 1980 condunto.
1247 1914 1359 1998 Neque
1381 1915 1443 1979 nisi
1466 1935 1545 1998 opus

344 2018 396 2096 sit,
421 2019 622 2085 seueritatem
645 2021 812 2085 admodum
828 2020 1034 2104 usurpabunt.
1081 2019 1229 2084 Leuiores
1252 2020 1353 2106 igitur
1375 2019 1545 2104 reprehen-

348 2125 434 2202 dant,
458 2124 673 2190 dissolutiores
696 2125 883 2210 obiurgant,
917 2126 1132 2189 somnolentos
1155 2125 1370 2191 exhortentur.
1416 2124 1461 2190 At
1484 2125 1544 2188 im·

348 2229 474 2311 probos,
491 2230 676 2314 flagitiosae,
693 2230 878 2314 impudicos,
895 2229 1072 2307 sceleratos
1089 2229 1270 2309 insolentes,
1290 2231 1464 2309 seditiosos
1475 2235 1546 2294 tur-

346 2332 502 2408 bulentos,
527 2334 721 2418 neglectores
743 2335 920 2400 studiorum
944 2355 1090 2413 suorum,
1121 2336 1265 2420 magistri
1288 2337 1316 2400 si
1338 2336 1546 2422 castigatione

344 2457 400 2501 sua
421 2437 523 2502 nihilo
546 2438 691 2504 meliores
713 2438 815 2504 facere
837 2440 1017 2524 potuerint,
1049 2443 1196 2506 accusent
1218 2442 1304 2524 apud
1325 2442 1546 2507 Rectorem

343 2541 661 2607 Vniuersitatis
684 2544 799 2608 scholae
820 2545 922 2623 huius,
947 2567 984 2610 ac
1005 2546 1043 2611 de
1066 2545 1271 2610 contubernio
1302 2551 1454 2631 coetuque
1476 2551 1543 2612 stu·

342 2646 502 2713 diocorum
524 2645 683 2710 eliciuntc,
731 2647 823 2712 Prius
847 2652 971 2728 tamen,
1004 2653 1038 2714 vt
1062 2647 1277 2715 Contubernio
1301 2651 1450 2718 debita
1471 2673 1543 2735 per-

345 2750 527 2827 soluentur,
558 2749 674 2816 Rector
698 2750 904 2818 Contuberuii
927 2754 1040 2818 videto.
1087 2751 1120 2818 Si
1144 2777 1209 2820 non
1232 2756 1360 2834 lecerit,
1394 2756 1544 2822 damnum

344 2857 452 2921 datum
469 2855 685 2920 contubernio
699 2857 845 2940 reponite
860 2861 892 2920 et
914 2858 1042 2940 insuper
1065 2858 1199 2922 multam
1222 2859 1331 2926 tribuli
1353 2861 1450 2924 idest
1472 2882 1544 2924 cru-

345 2961 497 3024 ciatormn
520 2958 590 3023 IIII
612 2959 736 3024 soluite.
783 2958 865 3024 Item
889 2961 1004 3026 Rector
1026 2961 1067 3025 ab
1092 2983 1280 3046 vncquoque
1302 2985 1430 3028 suarum
1454 2963 1544 3029 habi-

343 3064 499 3130 tationum
532 3064 636 3129 incola
668 3065 920 3130 utensilium
950 3066 1077 3136 nomine
1109 3089 1211 3151 neque
1240 3069 1311 3153 plus
1343 3069 1463 3154 exigito
1486 3091 1544 3135 nec

343 3170 448 3234 minus
479 3169 613 3253 accipito
644 3170 791 3234 cruciatis
814 3168 894 3246 XII,
925 3174 957 3234 ct
978 3171 1108 3255 insuper
1131 3174 1285 3238 cruciatos
1308 3173 1337 3237 X
1361 3174 1400 3238 ad
1424 3175 1545 3258 ligna

344 3275 383 3339 ab
405 3275 508 3340 incola
530 3273 659 3359 exigito,
685 3275 725 3338 ab
749 3278 878 3339 externo
901 3272 975 3338 XII.

910 3413 983 3481 VH.

432 3553 466 3618 si
484 3555 570 3651 vquis
604 3557 755 3641 magister
786 3556 820 3619 in
851 3554 1098 3622 Contubernium
1132 3559 1298 3644 prostituti
1331 3558 1459 3642 pudoris
1491 3582 1545 3624 su·

344 3664 484 3744 spectem
514 3660 732 3726 mulierem
762 3660 989 3740 introduxerit,
1020 3665 1172 3728 mulctam
1202 3664 1319 3728 soluito
1353 3664 1545 3728 florenorum

349 3766 454 3829 duum.
501 3763 535 3830 Si
558 3765 673 3829 iterum
703 3764 830 3843 fecerit,
858 3767 976 3832 soluitc
998 3769 1155 3854 duplicem
1178 3769 1338 3834 mulctam.
1384 3767 1418 3832 Si
1441 3769 1546 3847 lertio,

345 3891 474 3935 munere
493 3892 550 3935 suo
565 3872 709 3954 priuatus
726 3871 941 3936 Contubernic
957 3873 1131 3956 expellitur.
1178 3871 1335 3938 Indicatic
1350 3877 1456 3937 autem
1478 3881 1546 3939 esto

343 3975 401 4040 lrac
424 3975 494 4061 lege
517 3997 582 4040 nou
606 3976 706 4040 solum
730 3997 877 4041 concessa
899 3976 953 4041 sed
976 3977 1072 4043 ctiam
1095 3978 1251 4064 imperata
1272 3978 1437 4058 omnibuS,
1465 4001 1546 4063 prae-

344 4081 453 4145 sertim
478 4085 583 4146 autern
606 4081 731 4148 Rectori
764 4087 796 4146 et
818 4082 983 4169 Magistris
1016 4085 1099 4147 inter
1133 4105 1208 4147 sese.
1255 4083 1416 4148 Iudicatur
1440 4088 1545 4148 autem

348 4186 506 4272 flagitium
530 4189 702 4251 Rectcri
725 4187 1048 4254 Vniuersitatis
1072 4187 1165 4252 huius
1190 4187 1291 4252 scolae.

903 4344 994 4409 VIII.

432 4468 613 4535 Eorundem
636 4470 698 4533 erit
719 4466 833 4546 videre,
858 4467 974 4553 nequid
997 4468 1079 4554 apud
1103 4489 1175 4532 suos
1198 4487 1403 4532 armorum
1426 4469 1546 4552 reposi-
