3460 5314
579 465 696 520 Statuta
716 466 781 522 1477
801 485 827 522 u.
851 467 928 522 1505.
1295 473 1354 537 361

165 622 262 687 ricem
284 623 417 700 tenenti,
442 643 513 688 enm
536 624 715 690 reuereneie
738 624 845 689 debita
860 628 893 689 et
908 631 1057 691 consueta
1081 629 1267 713 [consuetis]
1290 652 1360 694 mn-

162 727 300 792 nusculis
331 732 570 811 presententur,
602 729 754 813 petenda,
787 735 822 795 vt
853 731 919 815 ipse
948 731 1152 797 cancellarius
1182 736 1231 799 vel
1262 735 1361 799 vicem

162 835 271 896 tenens
294 831 431 896 dominis
454 833 670 898 Baccalaureis
693 835 859 918 temptatis
881 835 1070 901 examinatis
1097 841 1128 902 et
1151 839 1266 904 indicio
1288 862 1360 904 exa-

161 935 352 1000 minatorum
375 938 475 1021 gradu
498 937 676 1023 Magisterii
699 939 823 1023 dignis,
856 940 907 1006 hie
930 940 993 1005 iam
1017 943 1216 1026 presentibus
1239 945 1271 1008 in
1295 947 1361 1030 pri·

62 1075 65 1086 ·
161 1043 233 1106 ueto
266 1039 427 1106 licenciam
460 1043 633 1127 accipiendi
671 1044 870 1129 insignia
903 1045 1184 1131 magistralia
1221 1051 1362 1116 conferre

165 1145 330 1242 dignetur,
354 1146 479 1231 publice
501 1169 574 1212 vero
597 1151 692 1233 atqne
714 1149 888 1216 solenniter
910 1155 1068 1235 oportuno
1091 1157 1200 1236 postea
1223 1161 1363 1241 tempore

167 1253 198 1314 et
220 1251 342 1315 vtinam
364 1251 454 1316 breui
477 1251 495 1314 ¹.

166 1427 221 1493 De
242 1428 605 1513 Incorporacioue
634 1428 1025 1515 Magistrsndorum
1055 1433 1100 1497 ad
1124 1439 1363 1520 regensium

527 1534 570 1598 iu
592 1532 806 1599 facultate
828 1535 990 1600 artium.

248 1676 299 1738 65.
324 1672 435 1740 Voluit
458 1674 618 1738 obseruari
648 1673 799 1752 facultas,
832 1677 867 1737 vt
896 1675 1001 1757 quiuis
1023 1675 1251 1740 Baccalaureus
1275 1675 1362 1756 post-

165 1798 259 1859 quam
284 1781 459 1862 temptatus
474 1777 671 1842 examinatus
687 1781 719 1842 et
736 1781 784 1862 (vt
799 1777 1009 1863 premittitur)
1025 1779 1154 1844 domino
1170 1776 1365 1843 cancellario

166 1880 214 1944 rel
238 1881 319 1946 vices
344 1882 410 1946 eins
433 1883 557 1968 gerenti
580 1883 641 1947 rite
663 1885 861 1966 presentatus
886 1883 998 1961 fuerit,
1030 1885 1077 1949 ad
1099 1881 1362 1948 consorcium

163 1987 332 2070 regenci
348 2009 408 2050 nm
432 1988 465 2050 in
488 1988 641 2052 facultate
663 1987 782 2052 areium
804 1987 945 2073 graciose
968 1989 1095 2054 admitti
1117 1993 1223 2072 petat,
1255 1985 1364 2069 quiet

169 2111 187 2153 a
208 2091 362 2156 facultate
384 2092 491 2156 eadem
514 2091 703 2157 admittatur
726 2093 876 2158 canonico
892 2097 1032 2158 cessante
1054 2095 1289 2180 impedimento,
1311 2113 1365 2154 sn-

163 2216 220 2279 per
251 2218 312 2279 quo
343 2196 487 2262 Decanus
519 2196 689 2284 Magistros
721 2203 797 2263 tune
832 2201 992 2283 presentes
1025 2199 1167 2282 requirat
1196 2201 1228 2261 et
1258 2196 1365 2272 faciat,

163 2305 258 2384 prout
280 2301 425 2367 facultati
449 2303 607 2368 videbitur
629 2303 783 2388 expedire,
807 2307 839 2366 et
862 2307 1031 2386 antequam
1056 2304 1290 2386 incorporetur,
1315 2299 1363 2363 iu-

162 2404 247 2470 rabit
269 2428 305 2470 ea
328 2429 389 2491 que
410 2408 622 2491 subsequente
644 2409 739 2472 mbro
762 2409 968 2474 dinoscuntur
991 2408 1179 2492 conscripta.

160 2577 450 2646 Jurarnentum
475 2587 572 2647 ante
603 2583 1005 2647 determinaoionem
1036 2582 1363 2648 Bucealaurean·

184 2683 329 2748 dorum
352 2690 389 2751 et
406 2687 790 2774 Magistrandorum
813 2689 1013 2752 inmenus
1036 2687 1181 2753 decani
1205 2707 1343 2751 coram

497 2792 705 2858 facultate
728 2793 1018 2881 prestandum.

250 2935 301 2995 66.
326 2932 472 2998 Facultas
497 2935 620 3014 statuit,
646 2935 728 3018 quod
752 2934 887 3018 quilibet
910 2933 1142 3018 promouendus
1165 2933 1239 2996 ante
1261 2929 1364 2993 deter-

161 3036 373 3102 minaeionem
398 3039 447 3102 vel
470 3039 683 3124 insigniorum
699 3039 933 3125 Magistralium
956 3040 1180 3125 recepcionem,
1204 3036 1237 3099 in
1253 3056 1366 3098 manus

161 3139 270 3205 decani
294 3163 399 3207 eoram
422 3147 490 3208 tota
511 3143 665 3209 facultate
688 3143 900 3209 iuramentum
923 3149 1045 3228 prestet
1060 3144 1197 3218 solenne,
1221 3140 1279 3204 hee
1304 3160 1365 3223 que

162 3251 339 3332 sequuntur
361 3249 501 3332 capitula
523 3248 807 3333 comprehendens,
838 3249 975 3333 primo
1006 3247 1088 3332 qnod
1111 3247 1252 3311 debitam
1276 3265 1364 3308 reue-

253 3455 324 3520 1Β.
351 3465 415 3534 fugt
433 3465 494 3520 bei:
548 3459 630 3523 Item
660 3461 699 3524 ad
722 3458 904 3523 huiusmodi
934 3457 1202 3543 presentationem
1235 3454 1369 3538 quilibet

163 3562 399 3647 magistrandus
422 3564 511 3628 dabit
534 3568 679 3646 quartam
710 3566 833 3648 partem
855 3563 967 3628 floreni
998 3583 1057 3646 pro
1089 3561 1365 3639 munusculis,

162 3667 200 3731 de
226 3689 288 3751 qua
311 3670 444 3752 pecunia
466 3668 648 3734 summatim
679 3668 810 3733 collecta
844 3667 1050 3732 cancellarius
1081 3666 1254 3730 honoretur
1278 3666 1367 3730 iuxta

166 3775 322 3836 statutum
345 3774 378 3837 in
403 3775 542 3857 antiquis
565 3774 655 3856 libris
678 3775 819 3857 positum
841 3774 887 3838 sic
909 3793 1042 3838 sonans:

250 3876 434 3942 Honoratus
462 3879 608 3944 dominus
641 3879 847 3944 cancellarius
881 3880 915 3943 in
945 3877 1067 3944 duabus
1090 3876 1217 3940 seatulis
1241 3875 1365 3940 confec-

164 3980 288 4046 tionum
312 3986 343 4046 et
365 4005 427 4048 vua
449 4007 596 4049 mensura
620 3984 813 4062 malmsseti,
838 3989 894 4050 aut
917 3982 1131 4068 equiualenti,
1155 3981 1244 4044 iuxta
1266 3978 1366 4044 facul-

164 4086 245 4150 tatis
264 4086 474 4153 moderamen.

252 4190 335 4255 Item
358 4192 479 4276 reliqua
495 4193 628 4277 pecunia
649 4193 734 4258 inter
759 4194 928 4278 magistros
944 4191 1177 4258 examinatores
1195 4190 1366 4254 diuidatur.

169 4293 211 4358 Et
233 4296 260 4359 si
282 4296 396 4380 aliquis
419 4302 560 4383 tempore
582 4297 828 4381 presentationis
853 4297 965 4361 absens
989 4297 1103 4373 fuerit,
1137 4310 1193 4358 sua
1216 4298 1308 4378 perte
1331 4295 1368 4358 de

165 4399 360 4464 munusculis
392 4402 617 4468 distribuendis
650 4403 788 4481 carebit,
824 4424 917 4486 quam
949 4401 1004 4486 alij
1036 4397 1197 4486 presentes
1228 4399 1369 4465 interae

95 4487 99 4499 ¹
165 4503 305 4569 diuidere
328 4510 470 4590 possunt.
1157 4507 1160 4512 “
