3504 5322
351 479 414 547 388
815 476 946 536 Facultas
964 478 1083 537 Artium.

351 665 447 729 quare
469 663 509 706 ne
542 642 612 724 quis
644 641 800 705 bonarum
823 643 941 705 artium
971 645 1066 725 atque
1087 642 1253 705 literarum
1275 641 1309 705 in
1333 640 1549 706 Contubernio
1670 713 1679 730 ⁶

353 749 529 814 Academiae
551 745 780 832 Paedagogioue
814 751 870 812 aut
904 749 993 811 extra
1025 744 1091 811 haee
1121 746 1188 811 loca
1219 745 1394 810 doctrinam
1425 745 1550 830 publice

352 876 497 919 exercens
520 852 654 917 feriatus
675 851 750 916 ullis
773 852 882 916 diebus
897 855 974 930 esto,
998 851 1061 915 nisi
1077 850 1190 935 quibus
1212 852 1355 937 legitime
1369 851 1551 915 uacationes

359 966 391 1026 et
413 962 516 1025 ocium
540 959 721 1024 conceditur
743 961 898 1023 statutum
922 957 961 1022 ab
985 955 1202 1021 Vniuersitate
1225 955 1421 1022 scholastica.

340 1131 1200 1235 ¹DeDisputationibusquihusMagistri
1222 1132 1399 1216 praesint
1421 1129 1496 1216 (lap.
1512 1129 1551 1196 X.

438 1277 513 1341 Dies
543 1275 689 1341 sabbathi
712 1273 1060 1358 disputationum
1091 1272 1152 1336 erit
1174 1294 1192 1336 a
1214 1269 1377 1357 Magistris
1406 1293 1552 1336 exercen-

351 1384 471 1448 darum.
519 1381 581 1445 Illo
604 1379 752 1464 Magistri
775 1402 793 1442 a
815 1379 943 1464 publica
965 1377 1107 1442 doctrina
1130 1377 1236 1442 ieriati
1259 1382 1362 1442 sunto.
1407 1375 1552 1440 Decanus

354 1489 409 1573 qui
432 1491 554 1552 creatus
577 1485 674 1550 fuerit
696 1483 757 1550 XV
781 1485 845 1550 Cel.
870 1484 1033 1561 Octobris,
1065 1487 1102 1547 ut
1125 1483 1243 1547 dictum
1267 1487 1323 1560 est,
1347 1481 1406 1546 hoe
1431 1483 1551 1546 exerci-

351 1595 434 1659 tium
456 1593 597 1657 ordietur
612 1590 754 1676 proximo
771 1593 842 1676 post
858 1590 1010 1654 honorem
1032 1593 1160 1674 captum
1183 1588 1232 1652 die
1250 1586 1406 1653 sabbathi.
1443 1587 1550 1670 Atque

352 1701 397 1764 ita
426 1700 572 1782 deinceps
594 1695 654 1761 XV
688 1718 811 1780 quoque
839 1695 889 1760 die
921 1695 980 1760 hoc
1012 1693 1190 1779 exemplum
1213 1692 1440 1778 Magistrorum
1471 1715 1553 1757 unus

354 1803 562 1890 disputationi
586 1802 723 1887 praeerit.

440 1908 507 1985 Quo
537 1913 644 1972 tamen
674 1927 724 1971 res
747 1905 857 1970 ordine
878 1908 1008 1990 geratur
1029 1901 1174 1968 Decanus
1204 1907 1278 1968 ante
1305 1902 1370 1966 dies
1393 1901 1497 1966 decem
1521 1904 1553 1965 et

354 2017 490 2099 quatuor
523 2013 718 2077 curationem
752 2011 834 2075 hane
863 2011 1091 2096 Magistrorum
1127 2010 1221 2074 alicui
1243 2009 1349 2085 dabit,
1385 2009 1460 2072 dum
1482 2011 1551 2072 toto

352 2121 480 2186 illorum
503 2139 633 2183 numero
656 2121 842 2202 consumpto
865 2116 994 2180 initium
1017 2115 1055 2180 ad
1081 2114 1241 2179 Decanum
1264 2117 1449 2179 reuertatur.

441 2224 540 2301 Quem
564 2228 669 2288 autem
692 2224 777 2288 loeus
801 2226 832 2286 et
854 2220 948 2286 series
964 2219 1172 2303 disputationi
1188 2218 1374 2303 praefecerit,
1399 2217 1445 2281 illi
1468 2221 1546 2280 tem-

353 2354 412 2416 pus
436 2335 510 2395 ante
533 2332 669 2414 quatuor
692 2333 724 2393 et
747 2329 852 2392 decem
867 2326 931 2389 dies
954 2346 1010 2408 per
1026 2324 1209 2388 ministrum
1230 2324 1392 2408 publicum
1407 2321 1547 2386 Decanus

353 2425 497 2514 indicito,
524 2457 586 2518 quo
609 2433 783 2499 accuratius
806 2453 974 2518 procurare
996 2430 1105 2513 possit.

443 2540 664 2625 Proponentur
695 2544 770 2603 tuuc
800 2537 956 2620 descripta
989 2535 1023 2599 in
1046 2534 1156 2599 charta
1186 2533 1383 2619 aMagistro
1407 2532 1550 2615 disputa·

353 2646 451 2711 tionis
474 2646 589 2709 futurae
612 2644 762 2728 praeside,
796 2645 930 2726 quatuor
961 2645 1016 2704 aut
1037 2639 1176 2723 quinque
1197 2638 1262 2702 dies
1286 2643 1378 2714 ante,
1410 2635 1552 2718 capita

354 2754 570 2834 quaterna
593 2749 632 2812 iis
655 2748 826 2824 derebus,
859 2747 896 2811 de
920 2745 1033 2828 quibus
1056 2743 1222 2808 ordinariae
1245 2743 1360 2807 scholae
1382 2741 1551 2815 habentur,

353 2856 385 2919 id
409 2859 457 2920 est
479 2854 581 2920 literis
603 2853 724 2918 artibus
748 2852 931 2936 disciplinis,
955 2871 1024 2934 quae
1045 2871 1110 2914 uno
1133 2870 1235 2934 graeco
1257 2849 1384 2912 nomine
1406 2845 1551 2910 Philoso-

353 2960 437 3044 phiae
459 2960 567 3023 omnia
588 2958 905 3042 comprehenduntur.

438 3065 489 3129 Ad
512 3065 578 3130 haee
600 3065 781 3129 assidebunt
805 3067 938 3148 quatuor
954 3061 1163 3139 Baccalaurei,
1188 3080 1323 3142 quorum
1338 3057 1463 3143 singula
1478 3057 1544 3121 sin-

352 3174 499 3259 gulorum
521 3169 649 3253 propria
671 3170 744 3247 sint,
769 3170 943 3253 dequibus
966 3191 1036 3233 cum
1054 3167 1199 3232 omnibus
1222 3164 1401 3230 uolentibus
1424 3164 1547 3227 ratione

352 3282 383 3342 et
405 3277 458 3341 uia
479 3279 516 3338 ut
531 3275 611 3339 solet
632 3274 788 3339 disserant
803 3280 834 3339 et
850 3267 967 3338 asserta
986 3296 1042 3338 sua
1058 3273 1207 3337 studeant
1224 3270 1398 3335 defendere.
1435 3267 1548 3352 Neque

351 3379 576 3463 interloquitor
600 3377 754 3463 Magister
777 3377 1001 3462 disputationis
1024 3381 1125 3454 autor,
1150 3376 1212 3441 nisi
1236 3399 1306 3440 cum
1324 3376 1462 3458 aliquem
1477 3395 1550 3438 suo-

351 3509 422 3549 rum
447 3485 577 3550 deficere
599 3483 747 3566 uincique
763 3485 905 3549 senserit.
953 3484 1066 3549 Totam
1091 3489 1196 3547 autem
1211 3504 1276 3546 rem
1293 3482 1338 3545 ita
1361 3481 1549 3556 moderator,

352 3614 393 3656 ne
415 3590 492 3674 quid
514 3590 582 3654 fieri
605 3594 660 3654 aut
684 3590 966 3664 dieiturbulenter
988 3595 1134 3673 proterue
1150 3588 1375 3654 contumeliose
1397 3586 1548 3669 patiatur.

439 3694 584 3760 Decanus
616 3695 752 3760 assidete
781 3699 849 3760 toto
884 3701 1024 3779 tempore
1056 3693 1280 3778 disputationis
1311 3696 1366 3756 aut
1399 3691 1551 3754 mulctam

352 3802 479 3879 soluite,
506 3823 596 3865 suam
619 3802 715 3866 etiam
738 3801 967 3878 auctoritatem,
991 3801 1017 3864 si
1044 3823 1093 3864 res
1115 3799 1252 3882 postulet
1276 3796 1477 3881 interponito.
1518 3794 1551 3858 Si

355 3908 432 3992 quid
455 3907 517 3991 ipsi
540 3907 729 3989 quominus
753 3906 873 3971 adesset
896 3905 1072 3984 obstiterit,
1102 3904 1292 3989 Magistrum
1324 3903 1460 3985 aliquem
1483 3900 1552 3963 loco

353 4035 408 4078 suo
431 4011 591 4097 praeficito.

439 4116 590 4201 Inprimis
613 4116 761 4203 Magistri
784 4116 894 4181 ordine
917 4121 949 4180 et
970 4116 1048 4181 serie
1072 4116 1277 4181 conueniente
1308 4113 1345 4178 de
1367 4111 1552 4200 editioribus

353 4221 510 4288 subselliis
534 4222 730 4307 disputante.

438 4328 558 4405 Quibus
582 4329 657 4412 ipsis
681 4328 824 4393 Decanus
846 4326 981 4412 singulis
1003 4327 1272 4410 praemiolum
1297 4328 1415 4404 curato,
1439 4343 1551 4388 numo·

351 4457 422 4499 rum
453 4435 641 4499 nostratium
674 4437 817 4518 quatuor.
870 4431 974 4518 Ipsius
1004 4453 1040 4496 ac
1071 4425 1213 4515 p'rael'ecti
1248 4431 1454 4514 disputationi
1488 4430 1550 4494 erit

352 4539 493 4624 duplum.
