3442 5314
747 1591 776 1663 l.

159 1783 278 1877 Papst
291 1782 418 1856 Sixtus
438 1783 488 1855 IV
507 1783 725 1876 genehmigt
745 1782 804 1856 die
816 1783 1028 1876 Verlcgung
1045 1782 1143 1854 eines
1158 1783 1283 1855 Theils
1298 1781 1361 1855 des

188 1905 679 1999 Sindelfingchtifts
706 1906 803 1979 nach
822 1905 1026 1999 Tubingen.
1056 1904 1334 1977 ranulam.

249 2109 363 2176 ernvs
381 2134 544 2178 arracosvs
558 2135 675 2176 saavvs
689 2135 854 2177 suavosvn
869 2135 923 2176 nar
946 2110 1059 2177 dilecto
1075 2109 1141 2174 filio
1153 2109 1278 2177 Ansam
1294 2133 1362 2176 mo-

161 2217 291 2280 nasterii
323 2217 357 2280 in
381 2217 543 2281 Blaburen
566 2217 821 2282 Constanciensis
851 2217 980 2280 diocesis
1013 2215 1147 2278 salutem
1179 2219 1211 2280 et
1236 2223 1362 2302 aposto-

160 2321 256 2384 licam
289 2321 550 2387 benedictionem.
610 2320 658 2384 Ex
699 2343 834 2405 superne
876 2319 1076 2405 prouidentia
1113 2321 1288 2386 maiestatis
1330 2324 1362 2387 in

161 2427 332 2509 apostolice
365 2427 532 2512 dignitatis
567 2427 694 2510 specula
729 2427 824 2509 positi
855 2427 937 2490 circa
958 2425 1194 2504 universarum,
1230 2449 1362 2510 quarum

162 2530 255 2594 nobis
277 2531 410 2614 desuper
432 2530 599 2594 commissa
621 2553 696 2595 cura
718 2536 782 2610 est,
815 2531 1015 2596 ecclesiarum
1039 2530 1199 2614 profectus
1222 2535 1255 2595 et
1278 2553 1363 2596 com-

161 2634 271 2712 moda,
307 2636 400 2700 sicuti
423 2657 461 2698 ex
484 2635 590 2699 debito
621 2635 714 2699 nobis
734 2636 902 2719 pastoralis
926 2635 1079 2700 incumbit
1102 2635 1215 2713 officii,
1251 2635 1364 2700 studiis

162 2739 357 2803 intendimus
381 2739 514 2803 assiduis
537 2744 698 2805 eteorum
721 2745 858 2818 statum,
892 2745 987 2826 prout
1009 2763 1114 2805 rernm
1138 2741 1278 2825 pensatis
1301 2741 1362 2804 cir-

163 2843 364 2908 cumstantiis
397 2865 570 2928 congruere
592 2845 768 2924 cernimus,
803 2847 837 2910 in
873 2847 985 2910 melius
1021 2846 1157 2931 dirigere
1190 2845 1362 2923 studemus,

163 2949 248 3012 uotis
271 2947 336 3011 illis
358 2949 535 3033 gratiosum
557 2953 736 3032 prestantes
758 2972 935 3026 assensum,
970 2971 1025 3034 per
1056 2971 1117 3032 quc
1139 2949 1366 3032 frequentioris

163 3054 341 3118 deuotionis
363 3055 473 3118 ardore
507 3055 745 3138 potioribusque
768 3055 896 3119 laudum
919 3054 1074 3138 preconiis
1096 3054 1239 3118 venerari
1263 3054 1364 3137 possit

164 3158 337 3222 altissimus
359 3163 391 3222 et
412 3181 471 3242 pro
494 3161 674 3222 animarum
698 3160 927 3244 propagatione
949 3157 1063 3221 salutis
1087 3157 1223 3221 ubilibet
1241 3156 1365 3221 diuino-

164 3285 236 3325 rum
259 3264 362 3327 cultus
384 3265 570 3329 continuum
593 3265 745 3348 suscipiat
767 3265 1006 3327 incrementum.

252 3365 333 3431 Sane
355 3369 462 3432 dilecti
484 3370 545 3432 filii
568 3369 685 3432 nobilis
708 3369 768 3432 viri
790 3367 981 3450 Eanarmapr
1004 3367 1129 3430 comitis
1153 3367 1187 3429 in
1211 3365 1366 3430 Wirtem·

167 3471 245 3555 berg
279 3476 311 3534 et
333 3471 609 3558 Montspcligardo
643 3477 675 3537 et
707 3474 819 3541 dilecte
852 3473 885 3535 in
910 3471 1036 3535 Christo
1069 3471 1134 3534 filie
1158 3471 1273 3534 nobilis
1295 3493 1365 3534 mu-

165 3576 253 3639 lieris
276 3575 501 3641 Macnrnrnurs
526 3577 734 3642 archidncisse
760 3577 887 3641 Austris
917 3577 1017 3661 ipsius
1042 3575 1166 3639 comitis
1197 3576 1366 3660 genetricis

165 3681 257 3744 nobis
279 3703 381 3764 nuper
406 3683 549 3746 exhibita
573 3683 685 3766 petitio
709 3683 902 3760 continebat,
926 3683 1009 3764 quod
1032 3679 1161 3745 ecclesia
1183 3678 1213 3745 S.
1234 3679 1368 3744 Martini

166 3787 371 3848 extramuros
384 3787 470 3870 opidi
482 3786 503 3851 S
514 3788 552 3851 in
563 3789 626 3851 del
636 3787 697 3852 fin
708 3808 786 3871 gen
799 3787 1051 3852 (lonstonciensis
1063 3786 1192 3851 diocesis
1203 3785 1367 3872 Maganti-

167 3891 275 3954 nensis
298 3890 477 3974 prcuinci'e‚
513 3914 573 3976 que
605 3893 699 3956 etiam
724 3893 906 3977 parochiam
929 3891 1027 3955 habet
1049 3895 1081 3955 et
1103 3892 1137 3954 in
1160 3891 1229 3955 looo
1252 3889 1369 3954 humili

166 3998 200 4059 et
221 4017 319 4079 paruo
341 3995 504 4074 consistit,
536 3998 570 4060 in
594 3997 660 4062 eius
683 3998 828 4082 primeua
849 3997 1034 4061 fundatione
1058 3995 1284 4061 monasterium
1308 3995 1367 4061 ca-

167 4100 353 4166 nonicorum
375 4103 569 4187 regularium
592 4103 712 4166 ordinis
728 4101 758 4168 S.
782 4101 958 4188 Augustini
980 4101 1077 4164 fuisse
1099 4100 1224 4178 dicitur,
1249 4101 1283 4164 in
1306 4123 1369 4184 qua

166 4207 366 4294 prepositura
400 4227 436 4270 sc
470 4208 576 4272 decem
606 4208 809 4272 canonicatus
838 4211 869 4271 et
900 4205 1033 4270 totidem
1057 4204 1215 4289 prebende
1237 4227 1273 4269 ac
1295 4227 1367 4288 per-

166 4314 261 4396 petue
284 4309 466 4394 Capellanie
498 4317 530 4377 et
552 4311 700 4375 Rectcria
734 4309 881 4395 parochie
914 4309 1094 4374 huiusmodi
1125 4314 1201 4373 sunt
1223 4308 1366 4384 fundati;

166 4418 200 4478 st
224 4414 290 4498 ipss
313 4415 407 4493 locus,
431 4416 486 4499 qui
508 4417 608 4482 muris
631 4439 696 4481 non
720 4417 886 4494 clauditur,
910 4415 1033 4480 dilectis
1056 4414 1131 4478 filiis
1153 4415 1313 4498 preposito
1336 4418 1367 4478 et

165 4519 327 4584 canonicis
361 4521 443 4585 dicte
478 4522 605 4586 ecclesie
637 4526 669 4584 et
699 4523 804 4585 decem
828 4521 986 4606 perpetuis
1009 4519 1180 4605 capellanis
1201 4519 1235 4582 in
1259 4518 1367 4582 eadem

221 4639 351 4679 Urkandon
364 4640 406 4680 der
420 4641 448 4682 U.
462 4641 591 4692 ratingen.
1142 4624 1156 4676 l
