3442 5314
515 451 540 504 8.
564 451 696 506 Statuten
712 467 777 508 vom
794 451 819 506 9.
837 451 902 508 Olrt.
922 453 998 510 1477.
1129 447 1131 452 ’

298 747 354 812 De
377 748 501 832 penis
525 746 844 832 deliquentium
867 749 1196 832 suppositorum.

239 920 285 986 Vt
305 922 361 1001 hii,
387 945 464 1008 quos
487 924 583 988 timor
605 923 665 988 Dei
688 926 743 987 aut
765 922 922 988 virtutum
944 923 1064 1008 premia
1097 923 1136 988 ad
1158 927 1351 990 statutorum

150 1028 385 1094 obseruantiam
415 1051 478 1094 uon
501 1029 665 1106 inducunt,
689 1049 843 1112 penarum
874 1028 980 1112 potius
1002 1028 1170 1094 formidine
1192 1031 1350 1113 tempore·

151 1131 231 1196 lium
254 1133 293 1196 ad
315 1137 399 1198 recte
420 1134 591 1198 uiuendum
606 1137 781 1211 arceantur,
805 1133 974 1198 statuimus
997 1137 1028 1198 et
1051 1133 1243 1211 ordinamus,
1267 1134 1350 1218 quod

155 1237 263 1302 nullus
286 1238 512 1322 graduatnmrn
531 1239 579 1304 vel
602 1238 798 1302 studentium
822 1237 1036 1304 uniuersitatis
1060 1239 1109 1303 uti
1131 1239 1260 1322 cupiens
1283 1239 1349 1322 pri-

151 1341 280 1428 uilegiis
311 1342 412 1408 ciuem
442 1344 581 1427 aliquem
611 1342 661 1408 vel
691 1342 828 1408 incolam
856 1343 996 1408 ciuitatis
1018 1343 1239 1430 Tuwingcnsis
1261 1349 1351 1410 extra

152 1446 242 1510 illam
266 1449 433 1514 conueniat
456 1446 572 1512 alicubi
593 1445 652 1513 Sed
678 1448 780 1532 ipsum
796 1470 834 1512 ex
856 1469 1043 1532 quacunque
1058 1469 1151 1512 causo
1165 1447 1250 1513 inter
1265 1449 1349 1533 ipsos

151 1555 295 1636 tempore
323 1556 356 1617 et
385 1554 509 1618 ratione
532 1553 688 1636 presentie
710 1574 819 1618 eorum
848 1554 882 1618 in
912 1553 1016 1617 studio
1038 1552 1219 1617 huiusmodi
1241 1558 1350 1618 exorta

151 1657 377 1734 conueniendi,
411 1657 495 1722 infra
517 1656 688 1724 Ciuitatem
719 1658 896 1743 Tuwingen
931 1679 1037 1722 coram
1067 1657 1154 1722 loci
1185 1658 1349 1725 iudicio

152 1763 332 1839 conueniat,
355 1761 397 1826 Et
419 1763 508 1828 iuxta
529 1762 615 1826 illius
639 1763 688 1827 vel
711 1763 881 1828 eorundem
903 1761 1129 1828 diffinitionem
1155 1762 1276 1826 iustitie
1298 1783 1349 1827 re·

149 1865 249 1950 cipiet
271 1867 537 1951 complementum
559 1865 632 1932 Nisi
654 1869 715 1934 loci
749 1868 849 1952 ipsius
872 1868 987 1933 iudices
1009 1867 1044 1930 in
1066 1865 1277 1932 ministranda
1299 1867 1348 1931 iu·

152 1971 244 2034 stitia
275 1970 473 2058 negligentes
505 1971 626 2038 fuerint
656 1974 706 2038 vel
735 1973 857 2038 remissi
885 1971 950 2036 Sub
979 1993 1062 2056 pena
1092 1970 1224 2055 periurii
1253 1992 1348 2054 quam

151 2075 287 2158 quilibet
319 2077 561 2142 contraueniens
598 2083 629 2142 et
662 2081 710 2142 ter
744 2077 884 2142 monitus
919 2097 982 2140 non
1017 2076 1170 2140 desistens
1208 2075 1348 2138 incurrat

148 2181 219 2265 ipso
240 2179 334 2246 facto.

236 2283 319 2349 Item
342 2286 466 2351 nullum
487 2288 702 2352 membrorum
724 2285 939 2350 uniuersitatis
955 2283 1165 2350 iurisdictioni
1189 2283 1347 2348 ordinarie

148 2389 326 2454 subiectum
358 2396 488 2477 propter
519 2394 648 2478 negotia
680 2394 714 2456 in
746 2392 851 2458 studio
884 2391 1095 2476 emergentia,
1131 2389 1239 2454 trabat
1260 2389 1347 2454 eliud

148 2496 326 2560 membrum
359 2497 499 2562 eiusdem
528 2498 675 2562 adalind
699 2498 866 2574 iudicium,
900 2501 1100 2580 preterquam
1123 2494 1163 2558 cd
1184 2495 1346 2560 uniuer-

145 2599 301 2664 sitatis
331 2600 564 2682 Rectorem,
597 2604 659 2670 nisi
688 2624 759 2668 oum
781 2601 910 2668 licentia
942 2600 1082 2666 eiusdem
1104 2599 1259 2684 singulari
1281 2596 1346 2662 Sub

145 2725 229 2789 pena
257 2705 373 2772 iudicio
397 2707 539 2773 Rectoris
571 2709 786 2774 uniuersitatis
819 2708 947 2790 eiusque
973 2703 1232 2770 Consiliariorum
1261 2702 1346 2766 inlli-

145 2810 259 2894 genda.
305 2810 461 2878 Nolumus
484 2817 591 2879 temen
622 2836 678 2897 per
699 2814 759 2878 hoc
788 2816 945 2878 statutum
967 2810 1063 2877 alicui
1085 2810 1122 2876 de
1145 2812 1254 2874 nostre
1275 2808 1345 2871 vni·

146 2915 296 2981 uersitate
326 2917 535 2984 defensionem
568 2920 745 3006 legitimam
776 2923 833 2983 aut
864 2917 1037 2982 remedium
1071 2913 1148 2978 iuris
1170 2913 1345 2978 communis

144 3040 212 3084 esse
232 3020 401 3086 sublatum.

234 3123 314 3189 item
339 3126 462 3192 nullum
477 3128 654 3193 membrum
668 3128 886 3194 uniuersitatis
909 3127 942 3192 in
958 3124 1105 3210 lupanari
1130 3125 1185 3188 aut
1200 3122 1263 3188 alio
1277 3121 1346 3184 loeo

144 3234 293 3313 suspecto
315 3230 461 3296 zechas
492 3238 599 3298 teneat
632 3237 688 3299 aut
709 3256 766 3317 per
796 3237 922 3298 noctem
945 3234 1072 3295 maneat
1094 3229 1128 3293 in
1151 3227 1257 3292 eodem
1280 3225 1346 3291 Sub

150 3355 232 3417 peno
254 3335 349 3399 medii
372 3335 482 3401 floreni
505 3338 629 3422 integre
651 3338 803 3402 soluendi.

235 3438 352 3506 Nullus
374 3443 470 3508 etiam
492 3443 687 3508 studentium
710 3443 748 3508 de
771 3447 862 3507 nocte
877 3445 967 3507 exeat
989 3442 1117 3505 bursam
1139 3461 1196 3523 per
1217 3437 1346 3502 insolita

147 3543 232 3621 loca,
255 3544 302 3609 vti
324 3551 400 3610 sunt
419 3547 555 3612 fenestre
570 3552 602 3612 et
616 3547 796 3612 huiusmodi
811 3544 879 3612 Nec
894 3547 925 3610 vi
941 3547 1023 3612 ostia
1037 3549 1093 3610 aut
1108 3567 1191 3610 seras
1207 3547 1344 3628 rumpat,

150 3648 196 3712 vel
222 3650 311 3714 clane
333 3652 477 3735 apperiat
492 3653 678 3729 adulterina,
702 3651 767 3718 Sub
789 3674 870 3736 pena
891 3651 983 3716 vuius
1005 3651 1117 3716 floreni
1139 3653 1171 3714 et
1192 3646 1344 3713 exclusio-

150 3753 200 3817 nis
223 3777 243 3818 a
263 3754 359 3819 bursa
381 3757 531 3834 totaliter,
556 3758 582 3823 si
605 3763 653 3822 ter
676 3759 722 3824 sic
742 3758 840 3824 fuerit
862 3756 1082 3842 deprehensus.

231 3858 313 3923 Item
343 3860 511 3926 statuimus
540 3867 573 3926 et
594 3862 791 3940 ordinamus,
825 3865 907 3947 quod
939 3862 1185 3928 inobediens
1214 3863 1256 3924 et
1285 3881 1344 3922 re-

145 3962 274 4028 bellis
302 3965 331 4028 si
362 3987 455 4050 super
484 3969 546 4034 isto
568 3969 730 4034 conuictus
753 3969 849 4034 fuerit
870 3968 1032 4053 legitime,
1064 3967 1104 4032 ab
1126 3964 1248 4030 actibus
1271 3983 1343 4027 mox

143 4069 351 4152 suspendatur
366 4070 539 4138 scolasticis
556 4074 767 4140 doctoralibus
783 4080 815 4139 et
831 4074 1078 4160 magistralibus,
1095 4072 1123 4136 si
1139 4068 1345 4156 graduatione

145 4171 243 4236 suerit
264 4174 427 4240 decoratus
449 4176 491 4240 Et
513 4179 667 4261 emplius,
699 4180 726 4244 si
749 4180 788 4244 ab
812 4179 1017 4244 uniuersitate
1050 4176 1146 4241 fuerit
1172 4175 1342 4258 correptus,

144 4279 232 4342 etse
261 4300 324 4343 non
358 4283 588 4361 emendauerit,
623 4308 642 4348 a
669 4285 828 4350 consortio
851 4284 1023 4350 Doctorum
1053 4287 1085 4347 et
1108 4280 1343 4366 magunciam,

144 4386 299 4467 tanquam
321 4386 499 4452 membrum
522 4390 684 4473 putridum
707 4395 739 4456 et
756 4391 871 4456 inutile
893 4393 1093 4455 remoueatur
1115 4385 1256 4470 Simplex
1270 4405 1343 4448 vero

142 4509 162 4551 a
190 4488 313 4574 gremio
344 4491 560 4558 vniuersitatis
588 4494 776 4579 simpliciter
806 4494 1004 4571 excludatur,
1044 4495 1076 4556 et
1106 4493 1248 4557 docetero
1278 4510 1342 4554 non
