3464 5318
476 518 519 573 33.
539 515 688 571 Ordinatio
706 512 790 584 Regis
810 513 979 570 Fordinandi
1000 514 1075 570 1525.
1312 521 1373 583 145

174 677 277 741 obiter
307 677 404 761 legat.
458 676 501 741 Et
532 675 653 760 singuli
681 676 808 761 integra
840 674 918 738 hora
946 674 1072 757 legant,
1102 673 1136 736 in
1169 673 1375 738 elucidatione

175 779 357 845 Glossarum
377 779 451 846 lura
474 786 505 846 et
529 780 730 866 potissimum
743 779 829 864 leges
844 782 876 842 et
898 777 1068 842 earundem
1083 781 1189 842 textus
1212 778 1373 859 inducant,

178 885 422 950 demonstrando
446 886 653 963 auditoribus,
678 905 741 970 qua
764 885 887 949 ratione
909 883 984 948 Iura
1008 883 1064 946 illa
1085 885 1184 948 citata
1206 883 1279 948 sint.

262 1129 310 1196 In
332 1131 428 1198 lure
445 1131 579 1199 Ciuili
603 1129 930 1197 autemCursum
952 1127 1378 1212 suquuinqueunio

472 1238 671 1321 sequenti
694 1236 809 1300 modo
832 1233 1080 1318 compleant.

264 1411 524 1476 Ordinarius
554 1410 675 1496 Legum
706 1411 740 1474 in
774 1410 876 1494 primo
907 1429 991 1472 anno
1020 1407 1201 1471 exordiatur
1235 1408 1379 1490 aprima

175 1519 271 1600 parte
294 1513 434 1594 Codicis,
458 1515 590 1600 legendo
603 1513 727 1578 Titulos
749 1512 942 1578 difficiliores
964 1511 1106 1574 utiliores
1129 1515 1160 1575 et
1182 1513 1283 1597 magis
1306 1535 1380 1578 con-

179 1625 282 1683 suetos
298 1618 337 1682 In
361 1619 497 1684 secundo
520 1640 604 1684 anno
628 1618 660 1680 in
685 1618 821 1682 secunda
846 1622 936 1700 parte
950 1615 1071 1680 Codicis
1094 1616 1132 1680 ad
1156 1617 1289 1682 eundern
1312 1641 1380 1683 mo·

181 1726 265 1788 dum.
313 1723 351 1787 In
374 1725 470 1794 tertio
493 1725 628 1809 primam
648 1723 821 1807 partemii.
845 1725 905 1785 vet.
931 1719 973 1784 Et
995 1721 1029 1784 in
1054 1716 1223 1803 quarto'in
1247 1723 1382 1788 secunda

181 1833 271 1912 parte
293 1827 432 1891 eiusdem
446 1829 479 1891 ff.
505 1832 566 1893 vet.
590 1828 723 1914 legendo
738 1826 862 1891 Titulos
886 1825 1034 1890 similiter
1050 1825 1242 1891 difficiliores
1265 1832 1297 1892 et
1319 1827 1381 1891 vti-

183 1932 286 1996 liores.
332 1931 714 1997 Ertraordinarius
738 1932 772 1995 in
795 1932 898 2016 primo
921 1953 1004 1995 anno
1020 1932 1200 1995 exordiatur
1223 1933 1258 1995 in
1281 1933 1384 2017 prima

185 2041 275 2121 parte
308 2035 469 2102 Infortiati
504 2042 535 2104 et
564 2038 744 2129 specialiter
776 2040 942 2120 sequentes
975 2036 1098 2100 Titulos
1132 2037 1278 2102 uidelicet
1299 2035 1383 2101 Solu.

186 2141 402 2219 Matrimonia
426 2143 464 2207 de
486 2142 594 2206 liberis
611 2147 643 2206 et
658 2142 795 2226 posthu.‚
819 2142 856 2206 de
873 2141 957 2226 vulg.
974 2145 1006 2205 et
1020 2142 1143 2226 pupill.‚
1160 2142 1198 2206 de
1212 2141 1382 2226 Aequiren.

184 2245 289 2310 hered.
330 2244 369 2309 ln
392 2247 538 2325 secundo,
562 2247 595 2310 in
618 2247 755 2311 secunda
777 2251 867 2331 parte
890 2246 1027 2310 eiusdem
1049 2246 1222 2324 infortiati
1246 2245 1288 2310 Et
1311 2268 1383 2332 spe·

185 2349 308 2414 cialiter
339 2350 451 2416 titulos
481 2353 519 2416 de
541 2350 668 2436 Legatis
700 2351 802 2436 primo
825 2352 961 2416 secundo
983 2356 1014 2415 et
1036 2353 1149 2430 tertio,
1183 2351 1385 2434 Excerpendo

185 2454 272 2539 leges
296 2454 488 2521 difficiliores
519 2462 550 2522 et
572 2458 715 2522 utiliores
737 2479 808 2522 cum
831 2455 894 2520 Tit.
919 2457 956 2520 do
980 2457 1044 2520 reb.
1068 2456 1158 2534 dub,
1193 2455 1233 2519 ad
1254 2454 1289 2520 L.
1313 2456 1384 2521 falc.

187 2560 277 2623 etad
301 2559 349 2624 Se.
372 2581 440 2624 con.
466 2561 600 2625 Trebell.
657 2560 696 2626 In
731 2561 826 2626 tertio
857 2583 940 2625 anno
972 2561 1059 2644 legat
1089 2561 1123 2623 in
1154 2561 1185 2625 ff.
1218 2583 1301 2626 nouo
1334 2561 1384 2625 tit.

186 2665 223 2728 de
245 2685 296 2749 op.
321 2686 372 2729 no.
396 2687 510 2745 nunc,
542 2667 579 2731 de
601 2667 760 2750 acquires.
784 2688 866 2750 poss,
891 2670 923 2731 et
949 2665 1129 2730 huiusmodi
1152 2667 1299 2730 materias
1321 2669 1386 2731 uti-

154 2809 159 2817 ·
187 2769 288 2833 liores.
335 2769 373 2833 In
397 2775 532 2854 quarto,
556 2772 589 2836 in
613 2773 720 2836 eodem
744 2771 865 2855 digesto
888 2771 1072 2855 incipiendo
1095 2795 1114 2834 a
1134 2770 1197 2834 Tit.
1223 2770 1260 2834 de
1281 2771 1386 2836 verbo.

186 2874 282 2960 oblig.
307 2897 379 2938 cum
401 2874 560 2958 aliquibus
583 2874 786 2958 sequentibus
817 2875 1046 2939 difficilioribus
1074 2880 1106 2940 et
1128 2874 1308 2940 utilioribus
1331 2875 1386 2938 ri-

142 3025 146 3030 ·
187 2979 274 3058 tulis,
297 2979 381 3043 inter
405 3001 482 3062 quos
507 2980 735 3064 interpretetur
756 2981 808 3044 tit.
833 2980 870 3044 de
892 2981 986 3045 verbo
1010 2981 1069 3065 sig.
1094 2986 1126 3045 et
1150 2981 1187 3045 de
1210 3002 1275 3065 reg.
1293 2979 1384 3044 Iuris.

188 3082 529 3148 institutionum
561 3086 698 3150 lector
728 3085 864 3150 declaret
893 3087 1112 3170 principaliter
1136 3087 1271 3150 Textum
1303 3108 1387 3151 rese-

190 3188 289 3252 cando
304 3189 411 3252 omnia
426 3189 563 3268 inutilia,
581 3190 633 3255 Ita
643 3195 680 3254 ut
696 3192 730 3254 in
747 3192 954 3275 quadriennio
969 3191 1018 3255 bis
1034 3192 1125 3254 finiat
1140 3193 1276 3273 quatuor
1292 3190 1389 3253 libros

189 3291 443 3357 Institutionum.
482 3291 523 3357 Iit
547 3295 741 3381 singularem
764 3297 912 3361 adhibeat
928 3296 1127 3382 diligentiam
1143 3295 1334 3380 praecipuam
1357 3295 1391 3358 in

192 3398 344 3463 tradendo
366 3398 474 3462 Titulo
497 3399 535 3464 de
556 3400 756 3465 Actionibus.

276 3503 430 3567 Caeterum
452 3502 603 3569 Doctores
626 3505 788 3589 vtriusque
811 3505 957 3569 Censurae
987 3506 1211 3589 temperabunt
1239 3527 1391 3570 averna-

192 3607 263 3674 cula
285 3613 395 3672 nostra
426 3608 551 3693 lingua,
586 3632 626 3674 ne
654 3611 849 3694 frequentius
881 3611 1060 3694 passimque
1083 3631 1119 3674 ea
1149 3613 1296 3688 utantur,
1328 3610 1393 3674 nisi

191 3716 347 3795 quantum
378 3712 599 3778 Terminorum
629 3715 843 3799 intelligentia
874 3715 1016 3798 requirit.
1074 3713 1231 3779 Praeterea
1265 3718 1301 3778 ut
1336 3715 1394 3779 fiat

193 3815 368 3900 expeditior
389 3839 574 3904 progressus
597 3820 720 3884 euitent
734 3818 886 3904 Epilogos
908 3821 1173 3903 repetitionesque
1196 3820 1393 3904 prolixiorea

196 3924 262 3984 tam
286 3923 369 3987 circa
391 3925 539 3988 materias
556 3924 670 4008 prioris
686 3925 840 4001 lectionis,
867 3947 962 4008 quam
978 3925 1045 3989 eius
1061 3947 1156 4009 quam
1172 3926 1292 4009 legunt,
1316 3945 1395 4007 quo-

195 4025 282 4088 niam
306 4048 369 4091 non
393 4027 495 4092 solum
518 4029 651 4113 impedit
673 4051 843 4114 progressu
865 4031 918 4094 sed
938 4031 1023 4113 parit
1038 4030 1133 4094 etiam
1149 4029 1311 4094 fastidium
1328 4029 1395 4092 Au-

194 4130 370 4210 ditoribus‚
401 4133 476 4197 licet
498 4133 647 4199 lectorem
669 4159 688 4199 a
710 4136 816 4200 labore
839 4134 991 4198 subleuat.
1037 4133 1075 4197 In
1099 4134 1267 4199 recitandis
1291 4135 1396 4197 autem

197 4236 402 4320 opinionibus
424 4259 489 4302 non
511 4237 720 4304 immorentur
744 4239 862 4302 diutius
887 4260 983 4321 quarn
1006 4238 1057 4301 uel
1080 4241 1185 4302 textus
1201 4238 1251 4301 uel
1274 4239 1396 4322 glossa·

194 4363 266 4404 rum
296 4341 511 4427 intelligentia
541 4343 665 4429 exigat,
708 4364 969 4426 communemque
998 4346 1171 4425 sequantur
1205 4341 1395 4424 opinionem.

195 4445 347 4530 Adeoque
370 4448 398 4511 si
419 4448 454 4512 in
469 4448 682 4532 opinabilibus
693 4448 812 4513 Doctor
834 4447 1027 4533 singularem
1050 4446 1218 4528 minusque
1240 4450 1398 4529 receptam

196 4550 381 4635 opinionem
404 4551 436 4615 in
460 4553 743 4619 consultationibus
766 4557 798 4619 et
809 4553 904 4618 Praxi
926 4575 983 4618 sua
1005 4550 1152 4635 amplecti
1174 4549 1276 4626 malit,
1299 4551 1400 4617 nihilo

252 4671 382 4713 Urknnden
396 4672 437 4712 der
451 4672 480 4715 U.
494 4673 624 4724 ratingen.
1159 4655 1190 4708 ¹0
