3462 5320
530 477 573 532 11.
601 477 735 534 81111111
753 478 779 533 (1.
799 477 832 534 U.
852 495 907 536 von
927 480 1002 538 1537.

433 705 490 772 De
511 705 715 774 Rectoris
739 706 905 776 Salario
926 729 1007 794 cap.
1034 711 1083 775 11.

246 847 362 913 1111101
384 869 455 912 cum
477 845 646 933 diligentia
667 849 700 911 et
721 846 782 910 fide
809 849 875 911 tam
891 849 1047 913 mercedes
1066 850 1282 937 inscriptionis
1304 874 1362 918 no-

159 953 246 1018 mine
268 975 363 1037 quam
385 951 502 1017 multas
524 953 565 1016 ob
587 951 703 1016 delicta
726 954 850 1017 exactas
876 951 994 1017 inferat
1009 953 1120 1020 Erario
1135 957 1363 1024 Vniuersitetie

159 1056 359 1122 Scholastica
382 1061 466 1122 10111
489 1059 584 1140 atque
606 1055 747 1141 integras
767 1059 982 1141 praeterquam
1004 1059 1087 1142 quod
1110 1060 1257 1125 ministro
1279 1062 1362 1147 pub·

158 1163 220 1228 lico
242 1162 383 1228 debitum
406 1162 580 1229 decesserit.
616 1160 668 1226 Ad
691 1163 751 1227 hoe
773 1161 945 1247 diligenter
973 1166 1004 1226 11
1027 1163 1162 1229 fideliter
1184 1165 1362 1231 faciendum

160 1268 361 1334 iureiurando
385 1268 533 1333 astrictus
556 1272 634 1334 esto.
680 1267 746 1353 Ipsi
768 1271 874 1334 autem
896 1267 1023 1334 Rectori
1046 1271 1203 1354 premium
1225 1271 1363 1337 Vniuer-

159 1372 237 1438 sitas
266 1373 424 1459 persoluet
455 1373 496 1438 ob
525 1376 675 1438 nauatam
708 1372 904 1458 Reipublicae
938 1395 1067 1458 operam
1099 1374 1363 1442 florenorum

160 1477 338 1564 uiginti.
390 1478 563 1562 Eidemque
592 1500 701 1543 omnes
723 1477 915 1544 Doctoratus
939 1480 1115 1557 candidati,
1148 1503 1210 1567 qno
1232 1483 1282 1547 die
1304 1481 1361 1547 bo-

160 1603 252 1647 nores
275 1583 421 1668 capient,
450 1582 543 1648 huius
575 1583 675 1669 ipsius
705 1583 874 1670 dignitatis
906 1607 999 1651 causa
1032 1586 1222 1671 singulatim
1244 1588 1363 1673 pileutn

162 1688 334 1754 donabunt.
380 1686 440 1753 Sed
463 1692 496 1752 et
510 1687 626 1754 Rector
641 1689 796 1774 grauitati
811 1689 935 1755 cuidam
950 1694 983 1755 et
1003 1689 1163 1755 honestati
1185 1691 1259 1757 vitae
1280 1694 1362 1756 tem·

161 1814 235 1877 pore
247 1791 456 1877 Magistratus
472 1793 531 1871 eui,
555 1793 713 1878 imprimis
728 1815 800 1858 oum
815 1793 942 1872 vestitu,
966 1797 1037 1859 tum
1052 1794 1204 1860 comitatu
1218 1794 1362 1880 aliquan·

146 1898 265 1962 'tulum
288 1918 354 1962 sese
376 1897 526 1962 extollere
547 1897 697 1963 studebit.

231 2070 289 2137 De
311 2070 516 2156 Expensis
538 2072 712 2138 11111011
735 2072 951 2139 concessis
974 2071 1152 2138 honoris
1173 2095 1297 2139 causa

683 2200 765 2263 cap.
792 2182 841 2242 12.

249 2315 438 2395 Nobilitate,
461 2317 646 2396 eruditione,
669 2316 788 2382 virtute
804 2317 1025 2402 prestantium
1039 2318 1180 2383 virorum
1201 2319 1364 2404 hospitum

163 2423 286 2508 gratia,
317 2445 484 2488 munerum
506 2422 736 2488 offerendorum
760 2423 906 2501 nomine,
937 2422 966 2486 si
987 2421 1177 2488 Doctoratus
1208 2424 1365 2510 dignitate
1439 2419 1442 2424 ’

161 2527 287 2612 praediti
309 2528 383 2608 sint,
408 2532 563 2612 quantum
586 2526 729 2612 impendi
754 2526 883 2605 debeat,
908 2526 1007 2612 ipsius
1031 2526 1199 2592 arbitrium
1223 2526 1364 2593 Rectoris

161 2636 237 2698 1110.
283 2631 317 2700 si
340 2633 402 2699 alia
424 2634 460 2698 in
481 2632 638 2719 dignitate
661 2634 756 2697 erunt
779 2631 875 2715 inque
900 2631 979 2696 alios
994 2631 1184 2698 honorificos
1198 2632 1364 2698 Vniuersi·

160 2738 236 2804 tatis
258 2737 379 2806 Schola
407 2737 501 2802 huius
535 2759 630 2816 usus,
667 2737 704 2802 de
727 2737 861 2821 pecunia
882 2737 1011 2822 publica
1033 2737 1160 2803 Rectori
1182 2737 1364 2823 impendere

161 2848 287 2910 tantum
303 2843 405 2921 liceat,
429 2847 584 2928 quantum
597 2843 716 2908 Decani
738 2846 876 2928 quatuor
897 2843 1131 2927 professionum
1147 2843 1198 2908 uel
1221 2841 1365 2908 conserite

161 2947 388 3015 Vniuersitetis
410 2948 621 3035 permiserint.

162 3124 219 3190 De
241 3124 511 3210 professione
539 3125 748 3190 nominum
780 3125 887 3208 apud
910 3123 1128 3190 Rectorem
1158 3127 1199 3188 et
1220 3145 1364 3207 recep·

497 3230 614 3294 tione
636 3251 839 3294 nouorum
862 3250 943 3312 cap.
972 3233 1021 3292 13.

250 3371 310 3447 Qui
334 3372 417 3436 inter
439 3371 599 3436 studiosos
622 3369 716 3434 huius
728 3367 851 3434 Scholoe
866 3367 995 3446 censeri,
1020 3371 1052 3432 11
1074 3367 1251 3452 priuilegijs
1266 3367 1365 3452 ipsius

162 3477 297 3562 gaudere
319 3476 457 3541 noluerit
478 3475 582 3560 primo
605 3497 712 3540 mense
727 3474 883 3540 aduentus
905 3474 938 3537 in
961 3472 1021 3538 hoc
1043 3473 1196 3557 oppidum
1219 3471 1268 3537 sui
1289 3493 1364 3556 pro-

163 3582 291 3646 fiteatur
313 3581 396 3667 apud
410 3582 576 3647 Rectorem
598 3603 714 3646 nomen
737 3601 829 3646 suum
845 3583 878 3644 et
893 3583 1126 3644 sacramentum
1141 3578 1175 3641 in
1190 3577 1365 3643 literarium

162 3686 245 3751 hanc
272 3686 422 3751 militiam
444 3686 506 3751 det.
552 3687 614 3762 Qui
636 3708 700 3752 non
723 3686 832 3752 fecerit
854 3685 1095 3772 priuilegiorum
1110 3683 1262 3749 beneficia
1283 3683 1366 3748 nihil

164 3792 202 3856 ad
226 3813 259 3856 se
284 3793 443 3878 pertinere
465 3792 552 3857 sciat

249 3898 568 3982 Inscriptionis
591 3899 718 3964 nomine
739 3897 844 3983 exiget
867 3896 984 3962 Rector
1014 3919 1033 3958 a
1055 3894 1190 3980 singulis
1211 3893 1365 3958 cruciatos

44 4056 58 4068 .
163 4003 322 4069 tredecim.
368 4003 438 4068 Hoc
469 4003 592 4069 remitti
615 4003 781 4090 egentibus
813 4002 865 4066 uel
887 4004 991 4066 totum
1024 4000 1074 4064 nel
1097 4022 1135 4064 ex
1158 4005 1249 4084 parte
1272 4003 1366 4080 atque

157 4109 201 4182 ¹ad
224 4111 349 4192 tempus
377 4111 504 4193 poterit.
550 4108 743 4185 Nobilitate,
775 4106 962 4193 opulentia,
987 4104 1176 4182 honoribus,
1209 4103 1366 4189 dignitate

162 4213 387 4300 praestantibus
418 4217 451 4278 11
480 4214 514 4277 in
545 4213 782 4279 sublimioribus
816 4211 976 4294 subsellijs
1012 4210 1172 4287 locandis,
1210 4211 1365 4292 quantum

162 4319 258 4405 vulgo
280 4318 374 4404 pendi
396 4318 497 4383 soleat
517 4318 719 4384 indicabitur.
759 4315 821 4383 Sed
844 4317 884 4381 ab
907 4315 985 4400 ipsis
1006 4335 1071 4379 non
1094 4315 1199 4378 minus
1220 4336 1285 4378 uno
1306 4313 1365 4377 flo-

162 4445 240 4489 reno
265 4427 431 4509 poscetur,
462 4424 525 4488 nisi
547 4425 629 4489 forte
652 4445 760 4488 eorum
783 4422 988 4499 liberalitati,
1022 4420 1105 4504 qnod
1134 4419 1269 4504 emplius
1292 4417 1366 4484 dare

161 4529 272 4608 uelint,
296 4530 538 4613 relinquendum
560 4551 627 4594 esse
649 4529 805 4594 uideatur.
