3442 5314
329 451 351 513 4
585 445 608 499 1.
634 443 797 514 Verlegung
813 442 862 498 des
879 441 1065 512 Sindelflnger
1088 441 1170 497 stira
1189 443 1265 498 1476.

328 609 493 672 annectere
508 609 540 668 et
555 603 762 688 incorporare.
786 602 838 668 Ita
863 603 947 687 qnod
962 602 1144 667 cedentibus
1160 600 1211 665 uel
1221 601 1442 666 decedentibus
1457 599 1536 663 dnos

328 709 538 775 Canonicatus
570 710 601 771 et
630 708 764 773 totidem
787 708 960 794 prebendas
989 729 1025 772 ae
1047 708 1153 772 decem
1176 705 1375 791 Capellanias
1398 709 1430 769 et
1452 704 1532 768 Rec-

328 817 442 881 toriam
476 814 657 880 huiusmodi
687 813 903 880 obtinentibus
933 835 987 878 seu
1010 813 1081 878 illos
1104 811 1339 896 quomodolibet
1369 809 1533 876 dimitten-

327 921 413 986 tibus
449 921 541 986 liceat
582 919 697 984 eisdem
737 920 835 1003 priori
869 924 901 984 et
944 918 1129 984 Conuentui
1162 917 1356 1002 corporalem
1393 917 1533 1000 ipsorum

327 1025 461 1091 duorum
483 1023 731 1090 Canonicatuum
761 1029 793 1089 et
824 1025 957 1089 totidem
979 1023 1210 1108 prebendarum
1234 1043 1270 1087 ac
1293 1022 1397 1087 decem
1421 1019 1532 1104 Capel-

326 1131 484 1196 laniarum
516 1133 549 1194 et
580 1129 727 1194 Rectorie
753 1129 934 1213 iuriumque
965 1133 997 1193 et
1026 1129 1289 1214 pertinentiarum
1321 1127 1534 1222 predictorum

327 1256 448 1300 necnon
473 1235 568 1298 etiam
585 1234 663 1298 dicti
686 1234 827 1320 erigendi
843 1233 1030 1298 Monasterii
1052 1237 1084 1298 et
1106 1233 1183 1317 ipsis
1206 1233 1365 1319 preposito
1387 1236 1420 1296 et
1431 1230 1533 1296 Cano-

328 1341 407 1405 uicis
430 1341 577 1426 erigende
600 1339 728 1405 ecclesie
743 1339 971 1423 possessionem
990 1340 1178 1403 auctoritate
1199 1338 1329 1422 propria
1349 1338 1451 1402 libera
1474 1359 1531 1420 sp-

327 1444 519 1530 prehendere
542 1449 574 1508 et
596 1445 738 1528 ipsorum
761 1445 892 1509 duorum
918 1443 1166 1509 Canonicatuum
1190 1448 1222 1508 et
1243 1442 1475 1528 prebendarum
1497 1462 1533 1505 ae

327 1550 433 1614 decem
457 1549 711 1634 Capellaniarum
742 1553 774 1613 et
795 1549 943 1614 Rectorie
975 1550 1096 1614 fructus
1128 1549 1268 1612 redditus
1300 1552 1333 1611 et
1361 1549 1533 1632 prouentus

326 1655 507 1719 huiusmodi
536 1659 592 1720 aut
622 1677 729 1720 eorum
758 1654 877 1718 iustum
906 1656 1047 1719 ualerem
1069 1655 1103 1719 in
1127 1653 1269 1740 erigendi
1292 1651 1479 1717 Monasterii
1500 1653 1533 1714 et

327 1759 413 1823 illius
445 1760 559 1844 prioris
582 1765 614 1825 et
635 1759 816 1825 Conuentus
847 1781 922 1824 usus
944 1763 975 1823 et
1001 1759 1174 1824 utilitatem
1197 1762 1382 1824 conuertere
1404 1761 1436 1821 et
1459 1777 1531 1840 per·

326 1868 422 1947 petuo
445 1865 589 1929 retinere.
1275 1871 1279 1881 '

416 1968 566 2054 Quodque
588 1971 665 2036 dicti
688 1971 851 2036 duodecim
874 1971 1036 2055 Capellani
1060 1970 1093 2034 in
1119 1970 1204 2034 dicta
1234 1969 1364 2035 ecelesia
1386 1967 1416 2032 S.
1435 1967 1532 2032 Geor·

330 2073 376 2160 gii
406 2073 528 2139 Vicarii
560 2079 799 2159 nuncupentur,
839 2075 894 2158 qui
923 2075 1174 2139 remuneratione
1204 2074 1313 2139 habita
1343 2073 1534 2156 competenti

332 2177 367 2241 in
392 2177 448 2242 illa
479 2177 597 2243 diuinis
628 2177 741 2243 officiis
770 2181 935 2243 nocturnis
963 2182 995 2244 et
1026 2179 1148 2244 diurnis
1177 2181 1326 2244 interesse
1354 2182 1533 2256 teneantur,

330 2282 475 2366 quodque
498 2284 677 2368 prepositus
702 2290 734 2349 et
749 2284 901 2350 Canoniei
923 2285 1057 2368 predicti
1079 2285 1117 2349 de
1138 2284 1227 2348 nario
1243 2283 1264 2362 ¹,
1287 2289 1318 2348 et
1341 2284 1403 2368 ipsi
1425 2284 1533 2348 vicarii

332 2387 370 2450 de
404 2388 566 2471 asperiolis
598 2389 771 2453 almuciis²
801 2389 835 2452 in
865 2389 949 2454 dieta
978 2389 1106 2454 ecelesia
1134 2389 1165 2454 S.
1189 2388 1335 2474 Georgii,
1365 2395 1535 2474 postquam

327 2497 431 2557 erecta
457 2493 564 2571 fuerit,
588 2497 624 2558 ut
646 2493 815 2578 prefectur¹
838 2497 870 2558 et
885 2494 1135 2578 processionibus
1151 2495 1198 2558 uti
1221 2495 1360 2577 dictique
1381 2493 1481 2577 priori
1503 2498 1535 2558 et

330 2594 511 2661 Conuentus
535 2597 633 2680 ipsius
657 2597 801 2683 erigendi
822 2598 1009 2664 Monasterii
1040 2621 1148 2664 curam
1170 2600 1347 2664 animarum
1378 2599 1460 2664 dicte
1482 2621 1532 2664 ec·

328 2701 421 2770 elesie
442 2700 473 2766 S.
490 2699 624 2765 Martini
646 2724 703 2785 per
725 2725 824 2766 vnum
846 2725 884 2768 ex
900 2701 1067 2768 Canonicis
1090 2704 1166 2770 dicti
1189 2705 1330 2789 erigendi
1346 2703 1532 2770 Monasterii

328 2809 383 2869 aut
417 2805 516 2870 aliurn
545 2805 764 2890 presbyterum
794 2807 963 2872 secularem
996 2808 1035 2872 ad
1057 2829 1164 2872 eorum
1195 2815 1310 2874 nutum
1332 2809 1533 2874 amouibilenr

328 2910 490 2994 perpetuis
513 2909 629 2974 futuris
653 2912 848 2995 temporibus
866 2913 935 2998 regi
951 2916 983 2976 et
1005 2913 1177 2998 gubernari
1199 2913 1301 2978 fecere
1324 2935 1360 2977 ac
1381 2913 1529 2978 omnibus

327 3017 359 3077 εὴ
380 3013 516 3099 singulis
538 3015 715 3100 priuilegiis
739 3017 994 3082 immunitatibus
1008 3017 1210 3083 libertatibus
1232 3018 1345 3102 gratiis
1368 3023 1400 3082 et
1422 3018 1528 3081 indul-

328 3118 371 3182 tis
395 3117 478 3182 dicto
501 3117 647 3202 Capitulo
677 3121 711 3184 in
734 3120 939 3188 Windeshem
970 3123 1143 3207 apostolice
1164 3123 1213 3188 rel
1237 3123 1299 3186 alie
1322 3121 1434 3205 queuis
1458 3143 1531 3186 auc-

326 3223 456 3288 toritate
479 3226 632 3289 concessis
655 3232 806 3312 perpetuo
829 3229 964 3314 gaudere
987 3229 1127 3293 ualeant.

413 3328 565 3412 Quodque
593 3329 772 3396 visitatores
803 3355 860 3417 per
891 3333 1073 3418 Capitulum
1094 3333 1274 3397 huiusmodi
1306 3354 1364 3417 pro
1393 3336 1534 3415 tempore

331 3432 474 3517 deputati
496 3433 601 3516 ipsum
624 3435 811 3520 erigendum
834 3436 1064 3504 Monasterium
1090 3440 1124 3502 in
1147 3439 1251 3522 capite
1273 3439 1360 3503 etin
1384 3437 1534 3501 membris

328 3537 462 3601 uisitent
484 3559 520 3602 ac
542 3539 628 3602 illius
643 3540 758 3623 prioris
782 3546 814 3606 et
827 3541 1058 3607 Canonieorum
1081 3543 1216 3608 crimina
1231 3547 1263 3606 et
1278 3565 1420 3607 excessus
1445 3543 1535 3605 iuxta

327 3641 403 3705 dicti
427 3640 612 3706 Monasterii
635 3642 841 3710 Windeshem
877 3651 999 3712 statuta
1030 3649 1191 3734 corrigant
1221 3670 1257 3714 ac
1288 3649 1426 3732 priorem
1456 3647 1534 3712 dicti

331 3745 474 3831 erigendi
489 3746 675 3812 Monssterii
699 3754 731 3814 et
753 3751 840 3815 illius
856 3751 1006 3818 officiales
1028 3755 1147 3818 tociens
1163 3753 1312 3836 quociens
1334 3775 1412 3836 opus
1437 3752 1533 3816 luerit

327 3851 417 3914 iuxta
439 3851 524 3916 dicta
555 3856 676 3916 statuta
698 3861 866 3920 amoueant
896 3862 927 3921 et
957 3858 1035 3922 alios
1065 3859 1202 3944 ydoneos
1233 3859 1386 3943 deputent
1409 3857 1534 3941 aliaque

327 3954 456 4033 faciant,
480 3977 541 4038 que
565 3957 705 4042 regulari
727 3959 794 4023 nite
816 3961 955 4026 uiderint
977 3963 1137 4046 expedire,
1161 3963 1317 4042 diocesani
1340 3963 1401 4027 loci
1424 3966 1456 4024 et
1478 3983 1533 4026 eu-

326 4059 510 4143 iuscnmque
539 4059 670 4125 alterius
695 4063 825 4130 licentia
847 4067 879 4130 in
903 4068 1064 4150 premissis
1087 4069 1219 4134 minime
1250 4067 1423 4151 requisita,
1455 4067 1534 4131 alius

325 4167 433 4229 tamen
456 4164 524 4229 sine
546 4165 721 4248 preiudicio
736 4168 894 4235 ordinarie
909 4172 1147 4250 iurisdictionis,
1173 4177 1311 4237 statuere
1333 4176 1366 4236 et
1385 4171 1532 4235 ordinare

398 4405 532 4461 lbuntes
549 4407 748 4478 Messgewand.
852 4412 868 4464 2
890 4411 1075 4466 Chormlitzen
1100 4413 1157 4467 und
1176 4413 1290 4483 Kragen
1319 4431 1374 4469 ron
1393 4411 1534 4468 Eiehhorn

325 4493 392 4547 oder
410 4493 561 4549 Hermelin.
