3504 5322
332 409 395 471 430
879 405 980 460 Bursa.

331 565 469 629 dioribus
494 566 570 628 natu
593 565 677 628 inter
697 563 880 649 Magistros,
904 584 1039 646 qnorum
1060 569 1109 630 est
1131 565 1239 647 aliqua
1261 563 1384 629 iunctio
1406 565 1535 649 publica

330 669 362 733 in
387 667 613 745 Contubemio,
636 689 686 731 ras
711 667 881 732 decidetur.

416 770 516 837 Iidem
538 773 708 857 inspicient
731 772 1156 837 administrationem
1185 773 1405 852 contubernii,
1436 778 1468 838 et
1501 775 1535 838 in

330 877 473 963 singulos
508 879 678 964 magistros
713 878 894 962 inquirent,
929 878 1143 961 videbuntque
1173 901 1212 942 ne
1244 877 1321 961 quid
1347 877 1534 944 detrimenti

331 981 539 1048 contubernii
569 1005 619 1048 res
647 983 775 1068 capiant
797 983 910 1060 vllius,
942 982 1031 1046 cuius
1053 982 1087 1046 in
1111 981 1169 1046 hoc
1192 981 1314 1046 functio
1337 983 1396 1060 sit,
1431 983 1534 1068 negli-

334 1088 451 1171 gentiae
482 1091 538 1152 aut
569 1087 781 1170 improbitate.
828 1087 944 1150 Iisdem
972 1086 1020 1150 ius
1050 1091 1099 1152 est
1129 1107 1307 1152 concessum
1340 1091 1533 1152 exenteran-

330 1195 441 1258 dorum
464 1192 626 1268 omnium,
650 1192 704 1275 qui
728 1191 855 1274 aliquod
878 1192 911 1254 in
935 1190 1142 1256 contubernio
1165 1213 1280 1256 munus
1303 1195 1434 1276 gerant,
1464 1214 1533 1257 mo·

329 1296 564 1380 uendorumque
579 1297 647 1361 loco
664 1318 731 1374 suo,
754 1296 889 1380 denique
904 1295 1040 1360 faciendi
1065 1297 1253 1360 instituendi
1275 1296 1391 1376 omnia,
1417 1298 1532 1380 quibus

330 1399 580 1466 Contubernium
612 1405 829 1465 consumatum
861 1405 1051 1483 auctumque
1083 1401 1123 1463 iri
1146 1401 1325 1464 statuerint.
1372 1399 1472 1464 Iidem
1495 1423 1532 1465 ex

329 1506 477 1570 studiosis
500 1505 708 1569 Contubernii
740 1503 852 1568 incolis
884 1527 941 1568 nec
968 1526 1031 1568 non
1056 1505 1213 1568 ministris
1235 1527 1271 1568 ac
1295 1505 1533 1590 quibuscunque

329 1613 430 1674 visum
460 1611 573 1688 fuerit,
609 1610 778 1692 exquirent
810 1609 980 1693 diligenter
1006 1611 1044 1673 de
1068 1611 1362 1674 administratorum
1386 1633 1461 1674 cura
1483 1616 1533 1674 at·

330 1737 390 1798 que
413 1715 534 1792 offitio,
566 1737 628 1799 quo
661 1713 773 1778 melius
804 1735 839 1778 nc
862 1715 979 1778 certius
1000 1715 1108 1778 omnia
1131 1719 1204 1778 nota
1229 1719 1453 1800 compertaque
1474 1714 1532 1779 lra-

329 1823 401 1886 bere
424 1822 556 1906 possint.

519 1993 622 2080 Caput
643 1991 704 2058 Ill.
750 1993 805 2058 De
828 1993 1009 2058 Rectore
1032 1989 1334 2058 Contubernii.

422 2134 538 2200 Rector
568 2135 776 2199 Contubernii
809 2135 920 2210 vnius,
951 2137 986 2196 vt
1008 2132 1161 2210 diximus,
1192 2135 1268 2217 (uon
1298 2134 1381 2198 enim
1413 2134 1532 2198 feretur

334 2240 399 2305 vlla
421 2238 613 2326 segregatio)
644 2239 699 2322 qui
729 2240 772 2303 sit
802 2251 954 2323 tanquam
982 2243 1072 2322 pater
1104 2239 1240 2303 lanrilias
1268 2244 1299 2303 et
1321 2244 1425 2304 custos
1449 2241 1533 2305 Con-

329 2345 486 2423 tubernii,
516 2345 645 2409 habebit
668 2344 812 2430 delegata
835 2367 892 2409 suo
917 2345 1088 2409 curationis
1112 2367 1262 2423 munera,
1297 2350 1331 2410 vt
1361 2346 1440 2410 sciat
1471 2369 1533 2431 qua

332 2451 366 2514 in
388 2453 478 2534 parte
501 2471 633 2534 praeesse
656 2449 777 2528 debeat,
802 2451 840 2514 ad
864 2450 948 2514 hunc
972 2449 1110 2513 modum.

417 2555 552 2640 Operam
577 2555 674 2633 dabit,
699 2577 737 2618 ne
761 2555 831 2638 quis
855 2559 1006 2620 excoctu
1029 2553 1257 2620 Contubernali
1281 2558 1314 2621 in
1338 2557 1451 2620 studiis
1474 2557 1528 2621 lit·

329 2665 468 2727 terarum
498 2666 593 2745 atque
616 2661 732 2726 artium
761 2661 973 2740 somnolente,
1006 2683 1067 2724 neu
1097 2661 1129 2724 in
1153 2661 1311 2746 prauitate
1334 2662 1407 2726 vitae
1431 2665 1529 2744 atque

329 2789 452 2830 morum
475 2767 612 2850 turpiter
633 2770 783 2830 versetur.
829 2765 1015 2850 Improbum
1043 2771 1099 2830 aut
1127 2767 1311 2832 sceleratum
1342 2772 1373 2831 et
1401 2767 1527 2850 imperii

331 2871 557 2936 detrectantem
574 2873 732 2936 neminem
748 2871 879 2948 iouebit,
904 2872 956 2935 sed
982 2871 1066 2934 intra
1089 2870 1229 2935 triduum
1253 2873 1290 2935 ad
1316 2871 1527 2936 Rectorem

332 2974 648 3042 Vniuersitotis
671 2975 765 3039 huius
788 2975 912 3053 scholae,
939 2980 994 3040 out
1017 2997 1088 3040 eum
1111 2975 1164 3059 qui
1189 2977 1287 3040 vicem
1310 2975 1403 3040 huius
1426 2980 1526 3062 gerat,

279 3073 282 3078 ’
330 3079 456 3146 deleret.
502 3080 535 3146 Si
565 3082 688 3146 monita
717 3081 1004 3166 castigationesque
1026 3103 1098 3145 suas
1120 3081 1211 3165 parui
1234 3081 1301 3146 fieri
1325 3104 1343 3145 a
1365 3081 1527 3165 discipulis

328 3185 432 3249 videat
455 3186 536 3271 apud
561 3186 759 3270 praesides
782 3191 958 3269 quatuor
981 3209 1016 3250 ca
1038 3188 1074 3250 de
1097 3209 1130 3251 re
1153 3192 1373 3271 conqueratur.

418 3290 478 3364 Qui
503 3292 535 3354 in
559 3291 641 3354 hanc
664 3292 803 3375 primum
826 3296 968 3355 nostram
983 3291 1222 3375 ltempublie'am
1246 3292 1442 3358 scolasticam
1463 3316 1530 3358 sese

331 3393 540 3472 contulerint,
565 3418 666 3480 neque
691 3397 723 3460 in
747 3397 842 3460 aliam
866 3401 940 3461 ante
962 3398 1028 3461 sint
1051 3399 1186 3482 accepti,
1217 3397 1332 3462 Rector
1355 3397 1530 3464 Contuber-

330 3501 393 3578 nii,
417 3505 451 3563 vt
474 3499 633 3564 moderate
656 3521 713 3584 pro
737 3501 835 3564 reteri
859 3501 922 3565 ritu
946 3503 1034 3586 quasi
1058 3503 1222 3566 initiorum
1249 3507 1416 3582 vexentur,
1439 3525 1530 3567 cura-

333 3604 390 3668 bit.
437 3601 606 3668 Debebunt
635 3610 739 3668 autern
770 3627 879 3669 onmes
903 3628 994 3670 suum
1017 3607 1098 3689 apud
1123 3606 1214 3671 illum
1239 3629 1351 3672 nornen
1376 3607 1528 3692 profiteri.

331 3708 413 3773 Tum
437 3709 503 3792 ipse
526 3711 785 3775 vexationem
809 3711 853 3774 eis
877 3711 1038 3788 decernet,
1074 3713 1141 3776 siue
1164 3713 1196 3775 in
1220 3713 1436 3777 Contubernio
1460 3712 1528 3775 sine

326 3819 417 3878 extra
438 3814 545 3878 volent
568 3813 674 3878 subire
706 3815 788 3898 apud
813 3835 905 3878 suum
929 3815 1126 3900 magistrum.
1173 3816 1247 3881 Haec
1277 3817 1453 3882 vexationis
1475 3837 1530 3880 cu·

328 3919 408 3983 ratio
432 3919 671 3983 demandabitur
692 3919 747 3982 vni
769 3941 807 3983 ex
823 3917 1039 3985 Contubernii'
1055 3921 1193 4001 lamulis,
1216 3921 1271 4004 qui
1295 3922 1454 3987 moderate
1476 3921 1526 3986 vel

328 4024 363 4086 in
387 4023 601 4088 Contubernio
631 4023 681 4087 vel
704 4029 793 4090 extra
816 4026 895 4091 illud
920 4049 988 4090 eam
1011 4032 1190 4111 exequetur.

424 4127 561 4213 Quisque
586 4133 692 4194 autem
717 4131 908 4196 aduenarum
932 4134 1047 4217 pendet
1061 4131 1188 4198 Rectori
1205 4133 1266 4197 nisi
1289 4133 1455 4198 tenuitatis
1477 4156 1530 4197 ex·

329 4235 491 4298 cusatione
515 4234 673 4314 liberetur,
700 4234 835 4300 triobola
857 4237 929 4313 tria,
955 4237 986 4300 id
999 4240 1046 4300 est
1059 4237 1211 4302 cruciatos
1224 4235 1297 4314 Xll,
1325 4259 1458 4320 quorum
1475 4237 1527 4303 V*

336 4379 538 4390 ——--—-—-—

400 4459 483 4513 lDie
501 4459 656 4528 Reehmmg
685 4461 754 4530 geht
779 4461 839 4517 hier
867 4463 944 4517 nicht
973 4463 1052 4517 mehr
1078 4463 1149 4518 nach
1169 4465 1306 4534 Schilling
1324 4464 1381 4518 und
1402 4463 1530 4533 Psennig,
