3460 5314
326 443 389 510 298
782 441 912 497 Facultas
930 440 1061 496 Juridiea.

324 603 424 668 cultas
456 603 579 688 prandij
611 603 767 686 impensas
799 601 985 686 disponendi
1016 624 1112 687 penes
1137 601 1312 687 Collegium
1341 600 1437 683 studij
1460 598 1519 665 Ju-

325 709 367 773 ris
390 714 466 774 esto.

408 795 535 879 satuit
556 817 651 897 atque
673 813 819 897 disponat
841 811 1015 877 Doctorum
1031 810 1118 877 Juris
1136 811 1312 898 Collegium
1334 810 1439 891 etiam,
1463 809 1519 893 qui

322 919 424 1002 (extra
445 917 527 997 illos,
556 941 633 1003 quos
656 919 731 983 ordo
755 917 882 1001 Consilij
908 918 945 982 de
968 916 1086 982 Senatu
1110 917 1335 983 Vniuersitstis
1358 915 1397 979 ad
1421 937 1518 999 pran-

322 1025 409 1090 dium
432 1023 588 1087 ordinarie
610 1021 716 1088 uocari
738 1023 852 1108 poscit)
884 1023 984 1086 eidem
1007 1023 1161 1088 Conuiuio
1193 1028 1225 1087 et
1247 1020 1459 1105 hospitalitati
1482 1022 1520 1083 ut

322 1128 458 1193 Comites
481 1127 640 1192 Officiales
663 1132 719 1192 etc.
750 1129 815 1192 sint
849 1127 1027 1193 adhibendi.
1082 1128 1182 1193 lidem
1212 1128 1363 1193 Doctores
1385 1123 1517 1210 Collegij

321 1235 418 1312 Juris,
442 1257 499 1320 per
520 1256 553 1298 se
574 1235 625 1299 uel
648 1256 703 1319 per
725 1234 804 1299 alios
827 1255 883 1298 suo
905 1235 1043 1312 nornine,
1067 1257 1125 1320 pro
1150 1234 1277 1299 ferculis
1300 1255 1371 1298 cum
1393 1230 1519 1316 hospite

321 1341 414 1404 etde
446 1340 578 1425 pecunia
599 1339 721 1404 viritim
743 1361 800 1423 pro
822 1339 956 1424 prandio
988 1340 1150 1417 soluenda,
1185 1337 1406 1404 conueniunto.
1451 1333 1519 1400 Vni

321 1444 445 1509 cuidam
467 1445 498 1509 id
520 1467 644 1523 manue,
668 1449 706 1508 ut
727 1443 842 1522 triduo,
867 1448 1035 1528 antequam
1052 1445 1256 1510 conferantur
1278 1443 1419 1528 insignia
1434 1438 1518 1505 Can·

324 1549 454 1626 didatis,
488 1549 627 1634 hospites
650 1549 689 1613 ad
712 1550 843 1614 eundem
868 1555 1058 1615 conuentum
1082 1554 1113 1614 et
1138 1551 1177 1615 ad
1200 1549 1368 1635 prandium
1392 1546 1517 1624 inuitet,

324 1649 542 1720 demandante.
589 1653 755 1719 Candidati
778 1660 883 1720 autem
906 1657 968 1741 ipsi
991 1657 1028 1720 de
1046 1657 1128 1721 vasis
1152 1660 1183 1720 et
1205 1655 1326 1741 poculis
1349 1651 1517 1739 argenteio,

321 1760 517 1826 commodato
540 1759 736 1845 accipiendis,
761 1760 985 1844 prospiciunto.

408 1865 599 1930 Candidatus
631 1865 821 1930 constitutus
853 1866 886 1930 in
917 1866 1084 1947 subsellio,
1118 1866 1301 1950 priusquam
1322 1861 1519 1929 Licentiatus

260 1993 266 2004 ·
322 1974 452 2047 creetur,
477 1971 508 2033 in
533 1974 691 2034 conuentu
714 1970 838 2053 publice
859 1969 946 2056 legat
969 1971 1146 2054 capitulum
1168 1971 1295 2054 aliquod
1317 1991 1355 2033 ex
1369 1965 1519 2031 Decreta-

322 2076 425 2152 libus,
457 2097 519 2159 quo
542 2075 580 2140 ad
603 2072 661 2139 Jus
685 2073 893 2153 Canopicum,
921 2076 970 2141 rel
992 2077 1091 2162 legem
1118 2076 1291 2160 quandam,
1323 2095 1385 2158 quo
1407 2071 1446 2135 nd
1468 2070 1519 2134 ins

267 2266 270 2274 ,
322 2180 438 2258 Ciuile,
473 2181 501 2244 si
524 2181 556 2244 in
582 2179 681 2244 altero
702 2179 853 2244 honorem
876 2179 936 2244 sibi
960 2182 1095 2246 conferri
1117 2184 1214 2264 petat.
1260 2179 1367 2263 Atque
1389 2177 1417 2240 si
1438 2175 1519 2240 uelit

322 2286 356 2349 in
378 2289 511 2370 vtroqne
534 2285 594 2350 sibi
616 2284 683 2348 iure
705 2285 839 2369 gradum
856 2286 989 2364 decerni,
1013 2289 1120 2351 rtrum
1135 2286 1282 2351 maluerit
1303 2306 1342 2349 ex
1365 2284 1414 2348 his
1436 2281 1518 2366 pub·

320 2391 380 2455 lice
401 2391 570 2476 legendum
602 2390 744 2475 arripiat.
798 2390 862 2456 Vbi
893 2391 919 2456 si
949 2392 1015 2456 sint
1045 2397 1168 2458 caetera
1196 2392 1235 2456 nd
1256 2391 1352 2454 finem
1373 2387 1517 2464 deducta,

321 2495 389 2580 ipse
410 2500 569 2581 postremo
591 2496 732 2562 omnium
755 2495 873 2582 gratias
897 2500 972 2582 agat
995 2497 1069 2574 illis,
1094 2498 1149 2583 qui
1164 2501 1260 2562 testes
1280 2497 1312 2560 et
1326 2496 1519 2578 spectatores

323 2601 372 2666 sui
394 2601 522 2667 honoris
544 2602 721 2666 adfuerunt.

407 2703 440 2770 Si
463 2706 523 2770 duo
546 2711 637 2784 sunt,
669 2706 703 2770 in
733 2727 811 2790 quos
834 2705 937 2803 honpr
958 2707 1040 2772 idem
1063 2713 1112 2772 est
1133 2707 1283 2784 collatus,
1318 2705 1398 2770 alter
1421 2705 1518 2790 legat,

322 2810 406 2876 alter
428 2813 604 2898 gratiarum
626 2813 750 2878 actione
771 2813 866 2877 finem
890 2813 1041 2897 imponat.
1087 2812 1230 2877 Pertinet
1245 2811 1284 2876 ed
1305 2811 1520 2876 urbanitatem

321 2919 353 2982 et
375 2919 560 2985 modestiam
577 2922 634 2984 eto.
658 2922 695 2983 ut
718 2917 897 2984 inferiorem
914 2919 1101 2984 Cathedram
1117 2920 1278 3002 occupent,
1302 2917 1357 3000 qui
1372 2916 1521 2982 licentiae

319 3022 453 3107 gradum
476 3025 599 3089 decerni
621 3024 682 3088 sibi
705 3026 836 3108 petunt,
869 3024 1063 3107 superiorem
1087 3027 1211 3104 autem,
1243 3023 1297 3107 qui
1327 3026 1364 3088 ut
1386 3021 1521 3087 titulum

320 3125 510 3194 Doctoreum
533 3133 773 3214 consequentur,
798 3129 924 3196 adducti
949 3133 1033 3196 sunt.

320 3354 595 3423 duramentum
611 3358 934 3425 Candidatorum
950 3381 1022 3445 pro
1037 3359 1325 3445 consequenda
1340 3357 1518 3423 licentia.

410 3549 591 3636 Antequam
606 3553 801 3618 Licentiatus
823 3555 946 3632 creeris,
971 3552 1098 3640 Digitos
1116 3553 1201 3618 eruci
1223 3553 1256 3617 in
1280 3551 1388 3615 charta
1409 3549 1520 3634 signa-

323 3659 374 3722 tae
397 3656 563 3722 admoueto
585 3662 617 3722 et
639 3659 673 3722 in
695 3659 770 3724 haee
793 3661 898 3744 capita
921 3681 1001 3745 quae
1024 3663 1198 3744 sequuntur
1220 3659 1333 3723 iurato.

406 3762 588 3828 Primum
611 3768 722 3849 caput,
753 3765 787 3828 in
811 3765 895 3849 quod
919 3765 1083 3842 iurabitis,
1116 3769 1163 3830 est
1186 3765 1277 3830 Velle
1298 3765 1333 3829 in
1356 3766 1520 3848 posterum

321 3867 404 3932 sieut
435 3872 518 3933 retro
550 3870 627 3934 actis
658 3871 852 3954 temporibus
885 3871 1120 3935 venerationem
1151 3874 1183 3935 et
1213 3869 1422 3935 obedientiam
1452 3891 1519 3933 non

322 3973 423 4039 solum
435 3973 572 4053 Decano,
595 3976 649 4040 sed
670 3981 702 4041 et
724 3977 784 4041 toti
800 3975 941 4062 Collegio
963 3975 1065 4058 Studij
1090 3975 1178 4041 Juris
1200 3979 1369 4060 praestare,
1392 3975 1518 4040 nullum

321 4078 500 4166 legitimum
523 4081 697 4146 detrectare
716 4083 892 4167 imperium.

408 4185 640 4253 Secundum
662 4194 758 4273 caput
779 4194 836 4267 est,
860 4188 950 4254 Velle
973 4188 1100 4254 Rectori
1123 4192 1155 4252 et
1170 4185 1363 4252 Cancellario
1380 4183 1517 4250 Vniuer-

320 4291 423 4358 sitatis
452 4293 685 4359 laudatissimae
716 4299 842 4360 nostrae
864 4294 995 4360 Scholae
1025 4300 1057 4359 et
1086 4295 1170 4359 uices
1202 4297 1310 4358 eorr‘un
1333 4290 1516 4378 gerentibus

320 4420 477 4463 summum
500 4403 532 4464 et
554 4401 703 4466 honorem
726 4405 759 4466 et
781 4402 1014 4466 uenerationem
1037 4401 1165 4466 deterre.

408 4504 601 4571 Tertium
631 4511 727 4592 caput
757 4513 824 4587 eet,
853 4507 945 4574 Velle
966 4508 1137 4574 utilitatem
1167 4527 1230 4570 non
1254 4508 1321 4570 tam
1343 4503 1517 4570 Vniuersae
