3460 5314
692 447 813 508 8161616,
828 449 902 504 1538.
1327 455 1389 518 309

269 603 351 657 11616.
370 603 472 660 Archiv
490 603 563 658 XIV.
582 605 606 660 5.
625 602 705 674 Perg.
742 603 793 659 Die
810 605 870 660 Zeit
888 606 936 661 der
956 609 1048 662 ersten
1067 607 1228 678 Absassung
1246 607 1334 664 dieser
1352 611 1390 666 1111

197 691 223 745 J.
235 691 300 745 1497
320 689 404 744 wider
423 690 738 760 bestttigtenStatuten
752 691 821 746 16661
839 691 897 746 sich
909 692 986 748 nicht
1005 694 1176 750 bestimmen.
1208 695 1258 751 Die
1273 698 1391 770 Angabe

197 775 470 841 1618166616111320,
490 777 553 832 dass
571 777 710 834 disselbeu
729 779 1045 839 661111011161611481
1067 785 1201 849 datieren,
1221 785 1322 840 berrrht
1341 787 1392 841 661

196 864 430 920 616616111111616.
468 865 503 919 Es
522 865 608 919 findet
625 863 682 918 sich
701 865 823 921 6111111611
842 885 891 924 661
909 868 972 924 dem
992 871 1145 926 vorletzten
1162 872 1265 928 Absata
1283 873 1390 943 folgen-

196 951 247 1006 der
264 952 402 1007 Einschnb
428 971 483 1009 666
509 955 634 1023 66116161
651 951 750 1018 Hand,
782 955 848 1010 uber
875 957 1005 1012 welchem
1029 959 1108 1029 jener
1126 959 1319 1031 Heraeugeber
1336 961 1389 1017 den

195 1037 359 1094 wirlrliehen
377 1039 486 1094 Schluss
512 1038 663 1094 iibersehen
681 1040 749 1094 hat:
777 1040 805 1098 Si
830 1059 974 1098 varocum
998 1045 1050 1102 hoc
1066 1047 1096 1102 in
1114 1047 1265 1118 chyrurgia
1283 1067 1390 1119 666666

195 1127 355 1196 promoueri
373 1128 505 1190 voluerit,
531 1127 608 1181 vltra
626 1127 714 1182 addat
732 1129 856 1184 omnium
874 1131 1063 1201 predictarum
1081 1153 1264 1205 expensarum
1288 1137 1391 1192 medie-

195 1215 295 1268 tatem.
339 1215 533 1286 Approbatum
559 1232 608 1285 per
632 1217 724 1271 161661
741 1216 954 1274 66166161161616
979 1220 1071 1291 611616
1094 1221 1219 1278 Octobris
1234 1240 1320 1281 *enno
1339 1227 1390 1280 616

195 1299 289 1355 XXXI
305 1302 341 1371 (d.
360 1301 378 1355 1.
399 1304 473 1366 1581,
491 1301 569 1356 nicht
589 1303 667 1374 1481)
685 1295 948 1377 W'ollgangus
966 1307 1126 1365 Stetter
1144 1309 1285 1366 Notarius.

767 1629 819 1731 ul

239 1851 354 1944 Leges
381 1855 420 1924 61
448 1852 734 1926 constitutiones
763 1851 908 1945 collegii
936 1852 1069 1926 medici
1097 1856 1353 1930 uniuersitatis

498 1975 644 2048 scholae
672 1973 916 2068 Tubingensis
945 1974 1087 2071 [1538].

286 2184 360 2250 Non
382 2185 488 2250 minus
518 2184 620 2270 lepide
650 2206 745 2268 quam
776 2184 936 2268 sapienter
958 2182 1066 2250 Cicero
1089 2184 1294 2272 Respublicas
1323 2189 1391 2254 6166

199 2295 270 2380 lege
299 2291 482 2376 corporibus
512 2291 630 2357 nostris
658 2295 762 2356 mente
791 2290 949 2355 destitutis
973 2293 1177 2374 comparauit.
1230 2293 1277 2358 Vt
1306 2295 1391 2358 enim

202 2397 259 2461 illa
279 2397 346 2483 nisi·
365 2419 454 2461 mens
478 2397 602 2462 accedat
624 2397 689 2461 suis
712 2396 864 2481 partibus,
889 2399 923 2459 vt
941 2395 1047 2460 661616
1062 2398 1216 2483 sanguine
1238 2401 1270 2463 et
1292 2421 1390 2465 mem-

205 2502 267 2567 bris
292 2503 339 2567 uti
363 2524 426 2568 non
449 2505 598 2586 possunt:
633 2499 683 2566 Sic
706 2501 801 2566 etiam
823 2499 1049 2585 Respublica,
1082 2502 1144 2567 nisi
1166 2502 1200 2566 in
1223 2504 1263 2568 iis
1284 2505 1391 2592 legum

205 2608 308 2694 uigeat
335 2607 506 2686 autoritas,
538 2606 701 2672 instabiles
729 2607 796 2672 6161
824 2610 857 2671 61
887 2627 960 2672 mox
991 2607 1148 2672 intereant
1176 2630 1300 2675 11666666
1333 2614 1389 2676 661.

201 2713 285 2780 Hinc
306 2735 372 2777 666
393 2714 461 2778 6166
492 2715 612 2798 6611616
642 2711 774 2776 oonsilio
797 2711 931 2776 maiores
952 2712 1069 2791 nostri,
1100 2717 1134 2778 vt
1163 2714 1245 2779 nulli
1266 2717 1392 2799 penitus

199 2820 365 2884 hominum
388 2822 474 2884 66166
496 2823 601 2884 essent
622 2818 739 2902 absque
753 2817 877 2903 legibus
892 2818 1070 2897 uoluerunt,
1095 2818 1179 2904 quod
1194 2823 1392 2905 perspectum

202 2927 296 3012 61666
319 2923 473 2990 haberent
495 2927 610 2988 natura
624 2924 670 2988 616
684 2927 902 3008 comparatum
917 2945 993 3003 esse,
1017 2927 1052 2988 61
1066 2923 1148 2989 nihil
1166 2926 1248 3009 quod
1262 2926 1392 2991 uiuendi

201 3033 325 3098 ratione
341 3053 378 3096 ac
392 3030 501 3096 ordine
517 3034 636 3096 careret
651 3029 706 3095 diu
721 3029 879 3096 incolume
893 3032 1099 3114 permaneret.
1144 3031 1280 3096 Proinde
1295 3053 1392 3116 quum

202 3137 242 3202 ed
266 3137 416 3220 cuiusque
438 3133 641 3220 Reipublicae
664 3133 863 3198 durationem
892 3132 1044 3218 legitimis
1066 3134 1253 3218 quibusdem
1275 3135 1392 3200 666611-

202 3242 380 3308 tutionibus
402 3263 481 3326 opus
503 3261 569 3306 6666
591 3243 764 3316 cernerent,
793 3238 925 3324 collegii
947 3259 1071 3322 quoque
1093 3236 1207 3304 Medici
1229 3239 1392 3305 Vniuersi·

202 3348 278 3413 tatis
301 3347 425 3412 scholae
454 3346 548 3410 huius
578 3344 885 3410 administrationem
914 3344 1036 3429 legibus
1065 3365 1192 3409 suorum
1215 3349 1393 3430 temporum

201 3454 342 3520 moribus
358 3475 394 3518 ac
408 3452 564 3518 institutis
580 3451 838 3516 conuenientibus
850 3449 991 3514 stabilire
1006 3471 1042 3514 ac
1056 3449 1179 3515 munire
1194 3456 1391 3516 curauerunt.

203 3559 321 3624 Verum
343 3580 413 3622 cum
436 3556 972 3640 IllustrissimoPrincipi
995 3559 1139 3620 666116
1161 3577 1208 3621 66
1230 3555 1393 3621 domino

203 3664 523 3730 clementissimo
534 3663 721 3728 Vosnarouo
744 3665 803 3727 etc.
820 3681 931 3746 operae
942 3659 1078 3745 pretium
1094 3682 1159 3726 esse
1173 3661 1278 3725 uisum
1293 3661 1344 3739 611,
1360 3665 1395 3726 61

205 3793 270 3838 nou
285 3771 387 3836 solum
395 3769 621 3835 Vniuersitetis
638 3769 761 3835 scholae
775 3769 868 3834 huius
882 3789 992 3832 661616
1007 3765 1103 3832 611616
1118 3766 1310 3851 reliquarum
1325 3789 1393 3832 om·

202 3878 291 3943 nium
313 3875 544 3960 professionum
567 3876 652 3961 leges
668 3875 798 3940 seorsim
813 3876 1059 3959 repurgarentur
1074 3875 1106 3937 61
1124 3872 1163 3937 ad
1177 3875 1285 3936 nostra
1300 3873 1393 3956 plane

202 3988 361 4067 tempora,
392 3981 426 4044 in
449 3980 562 4064 quibus
584 4003 648 4045 666
670 4002 741 4046 6616
771 3979 871 4044 1116116
903 4000 1012 4043 omnes
1038 3977 1179 4043 reuisere
1200 3976 1393 4062 disciplinae,

202 4087 487 4160 accomodarentur,
511 4109 551 4150 66
566 4087 660 4151 huius
675 4087 845 4170 imperium
861 4085 1033 4150 detrectare
1048 4085 1235 4161 6116161661,
1255 4081 1394 4166 antiquis

202 4193 350 4262 nonnihil
372 4193 555 4273 immutatis,
579 4198 611 4258 et
633 4194 659 4258 si
684 4193 809 4278 quando
833 4213 955 4256 necesse
976 4190 1040 4256 fuit
1055 4211 1181 4274 prorsus
1199 4186 1336 4266 abolitis,
1360 4190 1394 4250 61

203 4301 350 4384 deinceps
372 4320 420 4363 res
442 4297 574 4384 Collegii
597 4298 710 4364 Medici
733 4298 773 4364 ad
794 4321 865 4363 eum
888 4296 943 4381 qui
973 4296 1113 4380 66661161
1135 4293 1394 4361 administrentur

198 4399 333 4473 ¹modurn
356 4404 556 4470 decreuimus.
