3442 5314
335 464 377 529 28
517 463 543 519 6.
561 461 634 522 Grai
649 463 810 522 Eberhards
829 465 1103 545 Bekanntmcehung
1119 487 1147 524 v.
1164 471 1190 527 3.
1209 469 1267 529 Juli
1289 473 1363 532 1477.

915 831 950 903 6.

336 1018 431 1094 (irat
466 1021 675 1098 Eberharde
710 1021 1074 1118 Bekanntmaehung
1111 1025 1203 1100 uber
1237 1027 1442 1124 Erdffnung
1477 1031 1542 1104 der

821 1143 1054 1220 Universitat

849 1281 873 1336 a.
884 1281 943 1338 Juri
957 1282 1034 1340 1477.

336 1439 573 1507 Intimacio
595 1441 875 1508 fundacionis
900 1439 1538 1533 VniuersitatisTuwingeusis.

422 1581 624 1648 Eberliardue
648 1581 758 1647 Comes
781 1583 815 1646 in
837 1581 1054 1668 Wirtemberg
1077 1587 1108 1648 et
1130 1583 1404 1671 Montepeligardo
1419 1585 1538 1653 Senior.

337 1685 503 1752 Vniuersis
536 1693 570 1754 et
601 1687 737 1773 singrdis
770 1687 982 1773 cuiuscunque
1016 1687 1183 1774 dignitatis
1213 1693 1314 1754 status
1347 1713 1383 1756 ac
1404 1693 1540 1777 preemi-

340 1793 447 1857 nentie
477 1793 666 1859 Ductoribus
706 1792 870 1878 Magistris
901 1791 1119 1877 Studiosisque
1159 1793 1331 1860 scolaribus
1362 1795 1541 1882 ubicunque

336 1897 519 1964 constitutis
541 1899 677 1964 salutem
699 1901 731 1962 et
754 1898 997 1964 omnebonum.
1057 1919 1063 1932 ·

423 2000 502 2067 (lum
525 2025 574 2067 res
600 2006 761 2086 etatesque
783 2002 949 2067 hominum
971 2003 1078 2068 auimo
1100 2002 1293 2068 reuoluimus
1311 2005 1417 2090 qualia
1439 2029 1540 2091 quan·

339 2111 436 2191 taque
450 2107 597 2172 Summus
613 2107 667 2172 ille
689 2129 795 2172 rerum
818 2129 931 2192 parens
946 2109 979 2172 et
1001 2109 1146 2174 conditor
1169 2113 1264 2194 atque
1278 2109 1372 2176 huius
1388 2111 1541 2177 immense

339 2211 433 2275 molis
456 2209 571 2276 Rector
593 2211 780 2276 mortalibus
811 2211 962 2278 beneficio
990 2212 1160 2278 contulerit
1181 2215 1471 2301 dispensaueritque
1494 2217 1541 2280 nil

341 2317 444 2403 magis
467 2318 605 2382 humane
638 2317 817 2382 inuenimus
840 2318 1008 2383 conuenire
1031 2322 1143 2384 nature
1166 2341 1261 2404 quam
1283 2320 1389 2404 aliquo
1410 2342 1443 2385 se
1464 2341 1541 2407 erga

338 2426 503 2488 tantorum
539 2423 696 2487 bonorum
727 2420 912 2508 largitorem
934 2443 1028 2508 opere
1054 2426 1181 2508 gratum
1203 2422 1351 2489 exhibere
1372 2423 1456 2490 Nam
1480 2424 1540 2490 etei
1609 2495 1614 2504 ,

337 2526 387 2591 illi
411 2527 493 2592 haud
516 2549 655 2610 anquam
682 2527 853 2612 condignas
881 2529 1002 2613 gracias
1025 2549 1117 2612 agere
1131 2527 1289 2593 valeamus
1312 2527 1418 2594 Habet
1432 2532 1540 2595 tamen

336 2653 425 2696 mens
448 2631 532 2696 bona
554 2635 648 2716 atque
672 2631 778 2697 diuine
793 2633 1001 2698 beneficencie
1023 2632 1160 2698 obnoxia
1174 2633 1296 2699 affatim
1312 2655 1373 2720 quo
1396 2655 1430 2700 se
1450 2655 1539 2699 exer-

335 2739 404 2800 ceat
437 2736 633 2821 creatorique
662 2759 718 2802 suo
742 2738 937 2824 complacere
967 2760 1003 2803 ac
1030 2741 1065 2802 vt
1088 2737 1134 2803 ita
1157 2738 1297 2804 dicamus
1319 2738 1462 2804 debitum
1485 2759 1537 2804 co·

336 2843 429 2905 netur
451 2843 595 2906 exolucre
618 2841 706 2918 Quod
731 2843 823 2908 nobis
845 2843 1117 2908 considerantibus
1140 2866 1176 2908 ac
1190 2865 1397 2930 sepenumero
1419 2865 1539 2908 memo-

335 2946 384 3011 ria
405 2945 622 3032 repetentibus
645 2969 783 3032 quanam
805 2947 1005 3032 potissimum
1030 2949 1080 3014 via
1101 2950 1324 3036 aggrediamur
1348 2949 1430 3036 quod
1453 2971 1557 3048 crea·s

336 3051 399 3115 tori
430 3057 539 3116 nostro
570 3056 699 3138 gratum
731 3051 905 3135 reipublice
938 3075 973 3118 ac
1007 3053 1208 3118 subditorum
1240 3059 1422 3120 nostrorum
1444 3053 1540 3119 saluti

337 3160 433 3240 atque
465 3157 597 3221 utilitati
620 3157 816 3223 conducibile
847 3159 1007 3224 rideretur
1030 3161 1159 3225 tandem
1181 3161 1336 3227 succurrit
1358 3161 1406 3226 nil
1427 3159 1540 3225 melius

336 3265 431 3346 atque
460 3261 500 3327 ad
535 3261 659 3327 beatam
692 3263 792 3330 vitam
814 3265 1065 3349 consequendam
1089 3265 1194 3350 aptius
1227 3265 1462 3350 immortalique
1484 3264 1540 3330 deo

337 3366 494 3452 acceptius
526 3389 565 3433 ne
587 3368 711 3454 concipi
734 3369 860 3454 quidem
884 3393 975 3455 posse
1007 3394 1102 3456 quam
1125 3370 1280 3436 bonarum
1302 3371 1420 3436 artium
1442 3373 1537 3454 atque

340 3471 582 3557 disciplinarum
605 3474 710 3538 studia
734 3474 848 3559 quibus
870 3476 975 3559 ipsum
1001 3475 1103 3541 Deum
1127 3496 1219 3542 nosse
1241 3477 1342 3541 solum
1359 3475 1460 3540 colere
1481 3472 1540 3538 soli

336 3577 555 3661 obtemperare
576 3577 737 3642 erudimur
759 3579 868 3643 sedula
890 3579 1058 3665 diligentia
1089 3584 1184 3664 atque
1213 3580 1444 3646 concertatione
1466 3599 1539 3664 pro-

335 3681 424 3766 sequi
448 3680 554 3767 Atque
576 3705 638 3767 quo
661 3705 697 3747 ea
718 3684 754 3747 in
776 3683 869 3748 terris
891 3688 1002 3748 nostro
1036 3686 1203 3769 temporali
1228 3685 1369 3750 dominio
1391 3683 1540 3750 subiectis

335 3786 466 3873 rigeant
488 3787 522 3852 in
544 3789 668 3873 hysquc
690 3789 766 3854 boui
788 3811 825 3854 ac
847 3789 980 3855 studiosi
1004 3790 1133 3856 iuuenes
1160 3789 1344 3855 imbuantur
1366 3790 1539 3855 instituan-

335 3895 388 3956 tur
411 3892 643 3978 doceanturquc
664 3916 720 3978 pre
741 3894 889 3960 omnibus
913 3895 1067 3981 enixeque
1094 3919 1203 3962 curare
1226 3895 1299 3961 Non
1323 3896 1374 3960 his
1396 3898 1541 3961 accurata

334 3999 526 4085 templorum
556 3999 678 4064 edificia
707 4003 802 4084 atque
838 4005 1014 4066 structuras
1057 4023 1121 4066 non
1152 4001 1286 4087 denique
1318 3999 1540 4065 beneficiorum

334 4103 617 4169 ecclesiasticorum
648 4103 852 4170 fundaciones
887 4105 1076 4190 preterimus
1112 4103 1197 4171 Nam
1233 4106 1310 4170 satie
1343 4127 1400 4170 euo
1430 4107 1541 4168 nostro

335 4208 426 4272 decus
456 4209 555 4274 creuit
577 4209 704 4274 ecclesie
726 4209 921 4295 Constatque
952 4211 1055 4276 solum
1087 4211 1280 4296 acceptabile
1304 4211 1360 4276 deo
1384 4208 1540 4293 templum

335 4335 402 4378 esse
424 4317 533 4398 pectus
556 4313 731 4378 humanum
746 4313 975 4400 Summumque
992 4316 1083 4380 illum
1104 4316 1248 4381 omnium
1269 4337 1374 4382 rerum
1397 4313 1540 4398 opificem

335 4417 408 4502 plus
432 4419 616 4486 innocentia
637 4425 732 4507 atquc
755 4421 924 4488 sanctitate
940 4420 1107 4486 hominum
1122 4443 1217 4506 quam
1235 4420 1428 4506 templorum
1449 4439 1539 4502 mag·

339 4523 502 4592 nificentia
531 4527 626 4593 letari
648 4527 756 4612 Atque
787 4550 824 4593 aa
853 4549 965 4613 parum
996 4527 1035 4593 ad
1065 4525 1293 4592 beatitudinem
1323 4524 1464 4590 conferre
1485 4523 1540 4588 sed
