3442 5314
501 451 526 505 8.
547 449 679 505 Statuten
699 468 764 507 vom
782 453 807 506 9.
828 447 953 507 Oktober
973 451 1049 508 1477.

754 770 788 842 8.

172 955 283 1030 Erote
320 957 502 1032 Statuten
537 959 602 1032 der
638 959 885 1050 Universitat,
920 986 994 1034 von
1030 961 1113 1034 dem
1141 964 1375 1060 papstlichen

262 1079 628 1176 Bevollmaehtigten
656 1083 733 1156 Abt
759 1083 937 1158 Heinrich
966 1107 1011 1156 zu
1042 1085 1286 1174 blaubeuren,

602 1251 666 1293 vom
685 1237 709 1292 9.
727 1235 851 1294 Oktober
871 1239 947 1294 1477.

259 1423 448 1499 Hrrrsrous,
469 1421 675 1510 permissione
689 1419 798 1486 diuina
812 1419 921 1486 Aasss
950 1408 1134 1488 monasterii
1149 1423 1182 1488 in
1199 1422 1376 1489 Blabltrren

174 1529 296 1596 ordinis
318 1528 350 1596 S.
367 1529 531 1595 Benedicti
547 1527 799 1594 Constantiensis
822 1527 953 1592 diocesis
976 1527 1069 1592 iudex
1091 1532 1123 1592 et
1145 1528 1377 1593 commissarius

175 1635 215 1700 ad
237 1633 441 1718 infrascripta
469 1657 535 1700 as.
566 1634 638 1698 sede
669 1632 841 1716 apostoliea
871 1632 1050 1716 specialiter
1072 1634 1250 1718 deputatus.
1296 1632 1376 1698 Uni·

172 1741 273 1806 uersis
303 1745 335 1806 et
367 1740 505 1827 singulis
536 1739 731 1826 presentium
763 1737 993 1822 inspectoribus
1022 1737 1086 1802 illis
1110 1737 1275 1823 presertim
1299 1759 1377 1820 quos

172 1845 389 1931 subscriptum
412 1843 519 1930 tangit
541 1844 715 1928 negotium,
740 1847 915 1928 tangetque
937 1842 986 1908 vel
1005 1845 1137 1929 tangere
1159 1843 1276 1928 poterit
1299 1862 1377 1926 quo·

173 1951 348 2018 modolibet
387 1951 420 2016 in
456 1949 600 2016 futurum
631 1947 888 2032 Subscriptorum
922 1947 1091 2014 eorundem
1126 1948 1274 2014 notitiam
1307 1969 1377 2012 eum

175 2057 289 2122 salute.

266 2162 345 2228 Cum
375 2183 477 2247 nuper
509 2163 637 2246 sumpta
668 2158 856 2226 auctoritate
885 2159 1059 2244 apostoliea
1087 2158 1178 2222 nobis
1201 2158 1380 2243 specialiter

175 2267 344 2332 commissa
367 2271 403 2332 vt
424 2266 621 2350 superiorum
644 2268 824 2330 nostrorum
856 2269 888 2329 et
916 2264 1066 2349 precipue
1087 2263 1267 2348 apostolicis
1289 2283 1378 2328 reue-

176 2377 284 2436 rentor
315 2372 605 2456 obtemperaremus
635 2370 813 2446 mandatis,
853 2370 1185 2435 uniuersitatem
1220 2369 1379 2454 quandam

174 2474 323 2541 Studii
346 2476 558 2562 generalis
582 2476 616 2540 in
640 2475 735 2561 opido
757 2473 981 2560 Tuwingen
1005 2475 1086 2540 dicte
1108 2475 1238 2540 diooems
1261 2473 1378 2538 erexis-

174 2603 297 2659 semus,
327 2582 420 2646 modo
450 2585 482 2646 et
504 2581 556 2646 ria
577 2580 760 2646 melioribus
785 2580 901 2664 quibus
925 2580 1095 2666 potuimus,
1123 2578 1200 2645 Non
1221 2579 1379 2646 immerito

175 2686 282 2750 animo
298 2686 501 2767 reuoluimus,
518 2689 554 2751 vt
569 2685 783 2750 violentorum
798 2690 904 2750 motus
921 2685 1130 2764 refrenentur,
1153 2686 1380 2770 temerarieque

175 2788 352 2856 multomm
373 2793 587 2876 reprimantur
610 2789 779 2854 insolentie
801 2787 919 2856 Eadem
941 2795 1051 2856 nostra
1076 2791 1263 2856 auctoritate
1286 2813 1381 2875 super

175 2894 239 2959 hiis
261 2895 355 2962 nohis
385 2895 563 2979 specialiter
591 2894 774 2971 commisso,
806 2895 940 2979 quedam
961 2893 1089 2961 Statuta
1115 2896 1267 2960 salutaria
1298 2896 1381 2964 dicte

176 3004 278 3067 erecte
300 3001 524 3081 uniuersitatis,
548 3000 719 3065 statuenda
733 3021 799 3064 esse
815 2999 991 3064 ordinanda
1006 3003 1038 3064 et
1054 3000 1183 3066 edenda.
1219 3000 1380 3077 Quatenus

177 3106 212 3171 in
236 3106 292 3172 illa
314 3107 465 3192 proficere
487 3105 648 3190 cupientes
671 3106 711 3170 od
726 3107 882 3172 virtutum
898 3107 1019 3191 apicem
1035 3111 1067 3172 et
1082 3106 1222 3184 scientie,
1246 3107 1380 3172 sublatis

176 3210 388 3289 anfractibus,
419 3211 544 3276 facilius
566 3210 732 3295 peruenire
756 3214 884 3296 queant.
924 3211 1047 3276 Horum
1069 3210 1178 3295 itaque
1201 3211 1320 3276 intuitu
1344 3216 1379 3277 vt

178 3316 269 3380 nobis
291 3317 529 3382 commissorum
553 3316 667 3400 (instar
683 3316 824 3382 liliorum
838 3317 1018 3401 obedentie)
1043 3317 1138 3381 finem
1161 3319 1263 3402 magis
1286 3318 1375 3383 debi-

177 3425 250 3486 tum
272 3420 472 3506 imponamus
495 3420 562 3486 Nos
592 3425 718 3486 matura
746 3443 841 3506 super
872 3421 934 3486 hiis
957 3420 1182 3485 deliberatione
1205 3421 1381 3506 prehabito,

178 3529 350 3592 memorate
394 3526 611 3591 uniuersitatis
648 3524 890 3592 habitudinibus
927 3531 958 3590 et
996 3525 1241 3591 circumstantiis
1278 3527 1382 3592 debite

179 3631 321 3715 pensatis
343 3630 472 3697 Statuta
493 3635 526 3697 et
547 3632 762 3699 ordinationes
786 3633 972 3698 subnotatas
1001 3631 1196 3697 decreuimus
1218 3637 1251 3697 et
1273 3632 1382 3698 diuino

179 3735 327 3802 inuocato
349 3737 467 3803 auxilio
489 3738 640 3803 duximus
656 3738 846 3804 ordinandas
864 3737 1041 3804 condendas
1056 3741 1089 3802 et
1106 3737 1265 3804 faciendas
1288 3741 1384 3823 atque

179 3841 377 3926 presentibus
400 3843 532 3908 facimus
563 3843 726 3910 condimus
755 3848 788 3909 et
818 3843 1019 3922 ordinamus,
1051 3843 1191 3909 volentes
1221 3846 1382 3912 eteoclem

181 3950 292 4012 nostra
314 3946 503 4012 auctoritate
525 3947 698 4032 apostoliea
720 3950 896 4012 statuentes
920 3951 951 4012 et
974 3947 1186 4027 decernentes,
1210 3952 1245 4013 vt
1268 3971 1382 4035 perpe-

182 4050 245 4115 tuis
268 4050 386 4116 futuris
408 4051 603 4136 temporibus
626 4052 666 4118 ab
689 4051 842 4117 uniuersis
865 4057 897 4118 et
919 4052 1056 4138 singulis
1071 4053 1170 4137 ipsius
1194 4055 1383 4120 uniuersita-

182 4155 224 4222 tis
248 4156 399 4222 membris
421 4162 454 4222 et
468 4158 641 4243 suppositis
657 4158 858 4243 presentibus
873 4162 906 4222 et
921 4158 1065 4243 posteris,
1091 4163 1187 4244 prout
1203 4161 1382 4245 quempiam

182 4265 375 4328 concernunt
398 4262 431 4326 in
454 4283 569 4348 genere
590 4263 640 4329 vel
664 4264 698 4329 in
721 4264 825 4350 specie
842 4262 970 4328 Statuta
991 4264 1099 4330 eadem
1121 4265 1256 4330 fideliter
1279 4269 1312 4330 et
1333 4266 1383 4331 in·

181 4367 331 4434 conuulse
360 4388 397 4432 ao
427 4367 487 4432 sub
509 4368 721 4457 infrascriptis
742 4370 853 4455 penis,
886 4374 1053 4436 seruentur
1076 4371 1200 4457 integre
1223 4375 1256 4437 et
1278 4375 1383 4438 custo·

92 4572 97 4584 ·
184 4473 310 4540 diantur
334 4472 372 4537 ln
398 4495 531 4560 quorum
555 4476 698 4544 omnium
721 4480 755 4544 et
775 4475 974 4562 singulomm
996 4474 1214 4542 testimonium
1236 4480 1269 4542 et
1289 4479 1385 4544 robur
