3460 5314
335 490 398 556 330
798 489 929 544 Facultss
948 489 1069 545 Artium.
1103 441 1106 448 ⁴

333 647 371 712 de
400 647 532 712 oonsilio
561 648 737 727 facultatis,
768 647 867 713 Nullo
891 647 1106 732 discrepante,
1130 671 1292 716 consensu.
1339 650 1413 716 Non
1438 651 1533 716 etiam

333 751 430 833 isispo
452 751 596 818 Decanus
626 752 805 819 huiusmodi
837 756 983 837 quartam
1014 753 1125 819 floreni
1156 759 1211 819 sut
1237 756 1343 820 minus
1369 754 1535 840 expendat,

333 855 405 920 Nisi
437 856 588 922 uniformi
620 880 749 923 suorum
773 857 1033 924 Consilisriorum
1063 863 1268 925 concurrente
1294 882 1424 926 assensu
1446 860 1536 926 nullo

332 963 444 1027 eontra
467 961 598 1028 dicente

409 1133 464 1202 De
485 1138 757 1221 consiliarijs
780 1139 938 1203 decano
961 1138 1218 1222 deputandis
1242 1161 1460 1224 eorumque

689 1242 841 1308 officio
864 1247 903 1307 et
924 1244 1177 1327 juramento.

424 1383 472 1446 13.
508 1381 655 1466 Amplius
678 1381 799 1447 Statuit
822 1381 968 1446 Facultas
990 1385 1022 1446 et
1044 1380 1225 1458 ordinauit,
1256 1384 1292 1445 vt
1314 1403 1377 1465 quo
1399 1380 1536 1446 decanus

334 1484 471 1570 eligatur
496 1485 545 1550 die
567 1487 643 1571 eligi
665 1485 801 1551 debeant
822 1491 854 1550 et
877 1487 955 1551 duo
979 1484 1215 1550 Consiliari
1221 1486 1234 1569 j
1259 1485 1418 1562 eiusdem,
1451 1485 1537 1562 Quo-

336 1611 408 1652 rum
430 1611 511 1656 unus
535 1594 685 1677 antiquus
707 1593 842 1658 decanus
857 1593 1057 1658 immediatus
1081 1591 1120 1675 (si
1136 1591 1343 1656 commoditas
1369 1591 1534 1677 admittat)

338 1690 432 1758 Alter·
463 1718 537 1761 vero
559 1698 688 1763 alterius
711 1698 760 1762 vie
787 1699 825 1762 ad
848 1698 954 1762 minus
977 1697 1075 1762 trium
1098 1717 1254 1761 annorum
1276 1696 1432 1780 Magister
1454 1696 1536 1761 exis-

335 1799 425 1876 tant,
461 1799 600 1874 Quorum
630 1802 761 1867 consilio
784 1802 930 1868 Decsnns
961 1802 1062 1868 facere
1095 1801 1240 1886 [habeat]
1275 1802 1538 1886 congregationes

333 1899 496 1968 facultatis
518 1906 635 1971 artium
651 1904 717 1972 Sub
739 1928 822 1991 pena
844 1929 899 1991 per
915 1905 1077 1971 Decanum
1092 1910 1124 1971 et
1140 1927 1191 1970 eos
1208 1909 1264 1971 aut
1279 1906 1412 1971 alterum
1428 1928 1537 1971 eorum

333 2027 403 2072 cum
427 2007 554 2076 Decano
578 2009 735 2076 dictanda.

424 2119 473 2178 14.
512 2113 673 2180 durabunt
706 2115 815 2200 itaque
847 2114 1024 2199 Consiliarij
1056 2115 1151 2199 ijdem
1184 2136 1291 2180 coram
1322 2115 1473 2180 facultate
1502 2116 1537 2180 in

338 2239 450 2282 manus
472 2219 592 2298 decani,
619 2219 709 2296 Quod
731 2221 871 2286 officium
894 2243 1002 2286 eorum
1024 2220 1160 2284 fideliter
1183 2243 1325 2286 exercere
1347 2222 1448 2286 velint
1469 2221 1538 2285 sine

332 2323 414 2387 dolo.
460 2323 509 2390 sis
532 2329 638 2390 autem
654 2348 761 2392 eorum
784 2327 925 2392 officium
941 2327 979 2391 de
1001 2325 1413 2411 congregationibus
1435 2325 1537 2389 facul-

331 2427 407 2490 tatis
430 2427 581 2494 faciendis
603 2431 661 2495 sub
684 2453 767 2517 pena
789 2453 846 2515 per
870 2453 921 2495 eos
944 2429 1101 2506 dictanda,
1125 2450 1198 2494 cum
1219 2429 1337 2494 decano
1352 2429 1536 2507 deliberare,

333 2529 494 2596 Decanum
519 2535 664 2617 quotiens
698 2535 796 2600 fuerit
818 2535 895 2600 vtile
928 2538 961 2599 et
983 2533 1192 2599 necessarium
1213 2554 1272 2617 pro
1293 2532 1438 2598 facienda
1459 2555 1536 2598 con·

332 2636 516 2722 gregatione
540 2639 706 2722 requirere.
759 2639 924 2725 Sigillo
957 2637 1119 2704 facultatis
1151 2659 1222 2704 cum
1245 2639 1363 2703 decano
1384 2639 1536 2723 sigillare,

334 2738 480 2824 Denique
502 2741 541 2805 ad
563 2742 683 2808 iussum
705 2745 831 2822 decani,
863 2745 1010 2829 quotiens
1033 2765 1089 2827 per
1112 2742 1270 2828 pedellum
1291 2745 1393 2808 vocati
1418 2743 1538 2809 suerint

237 2881 240 2902 ·
334 2844 368 2910 in
391 2848 521 2932 negocio
543 2848 704 2916 facultatis
727 2851 767 2915 ad
790 2851 925 2916 eundem
948 2851 1100 2914 decanum
1124 2849 1235 2913 venire
1257 2852 1290 2912 et
1312 2869 1490 2933 properare.

421 2957 470 3016 15.
509 2953 592 3017 Item
613 2953 734 3020 Statuit
756 2955 908 3031 facultas,
941 2955 1025 3038 quod
1047 2956 1165 3020 electus
1189 2954 1224 3018 in
1247 2953 1480 3031 Consiliarium,
1503 2951 1538 3016 si

331 3055 435 3121 iurare
457 3063 589 3136 recuset,
610 3062 646 3123 vt
668 3061 854 3143 premissum
876 3064 933 3139 est,
957 3060 1060 3124 soluat
1082 3081 1139 3143 pro
1164 3079 1246 3143 pena
1260 3080 1357 3123 unum
1380 3058 1535 3122 florenrnn

256 3247 259 3254 Ι
331 3159 406 3228 fisco
428 3160 590 3260 facultatis
613 3164 848 3248 applicandum.

365 3334 420 3401 De
442 3337 630 3402 consilio
655 3338 882 3404 facultatis
905 3359 949 3400 ac
971 3337 1038 3420 qui
1062 3341 1101 3426 et
1124 3335 1272 3420 quales
1295 3337 1341 3401 ad
1365 3337 1504 3420 ipsum

331 3442 466 3527 recipi
490 3441 1344 3529 debeantprestandoquednramentoper
1367 3441 1535 3506 eosdem

415 3587 465 3646 16.
478 3583 603 3648 Placuit
613 3583 759 3647 facultati
771 3586 806 3647 vt
817 3583 855 3646 de
866 3585 984 3646 cettero
996 3603 1104 3646 omnes
1118 3581 1265 3667 magistri
1278 3581 1332 3665 qui
1346 3581 1379 3645 in
1393 3581 1539 3668 regentia

335 3685 497 3754 facultatis
520 3688 597 3753 duos
621 3708 720 3752 anuos
743 3685 983 3770 compleuerint,
1007 3683 1072 3750 Sub
1088 3707 1170 3770 pena
1192 3685 1371 3750 amissionis
1394 3686 1538 3771 regentis

333 3793 373 3860 ad
396 3793 535 3858 consil
547 3793 624 3857 ium
648 3791 808 3857 facultatis
830 3790 928 3875 recipi
944 3793 1066 3875 petant,
1090 3791 1145 3874 qui
1162 3795 1194 3854 et
1209 3812 1317 3855 omnes
1333 3791 1537 3874 recipiantur,

333 3895 405 3964 Nisi
435 3897 517 3962 forte
548 3897 735 3962 canonicum
766 3895 927 3963 obstiterit
950 3896 1212 3981 impedimentum
1243 3896 1293 3962 Ita
1323 3900 1429 3960 tamen
1453 3896 1537 3980 quod

333 4001 443 4068 habito
465 4002 665 4089 singulorum
688 4001 819 4068 consilio
843 4023 909 4066 non
932 4001 995 4066 nisi
1018 4002 1145 4086 parium
1162 4003 1200 4066 de
1223 4001 1358 4086 singulis
1381 4002 1441 4066 viis
1463 4004 1538 4065 vota

332 4112 564 4192 computentur,
588 4132 606 4173 a
629 4107 805 4173 senioribus
827 4107 865 4171 de
892 4105 1023 4170 oonsilio
1048 4107 1225 4171 inchoando
1238 4105 1260 4170 ¹.

425 4317 435 4353 ¹
463 4327 535 4380 etatt
553 4323 659 4379 Absatz
689 4319 730 4383 16
757 4324 810 4380 hat
841 4317 895 4381 B.:
934 4317 1016 4380 Item
1046 4318 1084 4382 de
1118 4318 1251 4382 consilio
1279 4318 1338 4382 fac.
1361 4341 1388 4381 a.
1421 4316 1537 4381 debent

335 4445 402 4488 esse
425 4429 560 4508 quatuor
583 4423 762 4509 collegiati,
787 4423 894 4488 decem
917 4425 1132 4500 conuentores,
1158 4422 1220 4486 duo
1242 4423 1397 4507 pedagogi
1420 4426 1452 4486 et
1474 4421 1536 4485 duo

335 4531 547 4612 resumptores
571 4527 861 4613 magistrandorum
884 4527 923 4591 de
943 4530 1075 4611 utreque
1098 4527 1158 4592 ria.

1717 441 1719 520 l

1717 659 1719 674 l

1717 693 1719 704 4

1719 733 1720 744 r
