3462 5320
548 471 591 528 41.
612 470 743 528 Statuten
763 469 789 525 d.
809 469 843 526 U.
861 487 916 527 von
936 470 1011 526 1537.
1315 471 1377 538 217

262 631 296 698 Si
318 631 388 717 quis
410 630 569 696 studiosus
591 629 729 696 abfuerit
751 629 825 694 hine
847 629 969 694 ultra
990 634 1212 710 semestre,
1236 651 1379 696 reuersus

176 737 222 802 itu
244 738 369 803 demum
391 735 569 822 priuilegijs
592 731 820 800 Vniuersitatis
844 734 1003 820 gaudebit,
1027 735 1055 798 si
1079 757 1098 800 a
1120 733 1253 804 Rectore
1277 736 1379 802 denuo

176 842 303 929 petierit
325 846 362 908 ut
383 842 418 906 in
439 863 547 906 curam
569 843 602 906 et
624 841 778 906 ditionem
802 839 1033 906 Vniuersitatis
1057 841 1239 925 recipiatur.

262 946 295 1012 Si
319 947 395 1031 quid
417 945 600 1011 edicendum
614 945 722 1023 hierit,
747 944 864 1010 Rector
881 946 1065 1029 praescripta
1087 944 1238 1011 mandata
1260 947 1378 1014 autori·

175 1055 242 1118 tate
264 1051 403 1116 nominis
424 1052 473 1116 sui
495 1051 528 1116 in
544 1050 655 1116 charta
676 1051 803 1136 signata
818 1051 857 1115 de
872 1073 960 1116 more
976 1056 1143 1136 proponat.
1180 1051 1380 1138 Prasmiptio

175 1159 281 1222 autem
303 1155 377 1221 talis
408 1156 452 1221 sit
472 1155 633 1222 Rector
654 1154 976 1221 Vniuersitatis
998 1153 1273 1224 Scholastica
1295 1161 1379 1222 stu-

177 1261 234 1346 dij
259 1261 565 1346 Tubingensis.

262 1365 488 1451 Magistratum
521 1365 596 1430 dum
619 1369 708 1451 geret
730 1366 866 1444 Rector,
899 1365 958 1432 hoc
980 1371 1030 1432 est
1052 1370 1122 1432 toto
1145 1367 1290 1432 semestri
1312 1387 1379 1447 suo,

177 1470 294 1556 oppido
316 1470 440 1536 itineris
463 1493 558 1536 causa
581 1493 621 1536 ne
642 1472 737 1552 exito,
760 1471 823 1536 nisi
847 1469 1074 1556 aOonsiliarijs
1097 1475 1130 1537 et
1145 1471 1280 1537 Decauis
1301 1491 1379 1556 que·

180 1577 253 1640 tuor
274 1574 359 1641 facts
381 1575 442 1640 sibi
463 1579 629 1660 potestate,
653 1576 720 1661 ipse
738 1576 878 1642 indicato
892 1576 1121 1660 profectionem
1144 1599 1234 1642 suam
1249 1576 1380 1642 musilio

176 1680 344 1760 secretiori,
368 1686 425 1746 aut
438 1681 494 1745 uni
510 1680 622 1746 saltem
644 1703 683 1746 ex
704 1681 780 1759 illis,
803 1685 859 1747 aut
881 1681 908 1746 si
931 1704 1033 1766 neque
1058 1681 1118 1748 hoc
1139 1682 1241 1748 facere
1264 1684 1377 1767 potus·

180 1785 241 1863 rit,
264 1785 412 1852 ministro
434 1786 579 1871 publico,
603 1809 644 1852 ne
666 1787 831 1872 ignoretur
854 1786 1002 1852 discessio
1024 1787 1135 1872 ipsius.
1181 1786 1302 1852 Verum
1324 1786 1380 1851 ab·

180 1889 263 1955 senti
278 1890 418 1969 Rectori,
440 1893 491 1956 uel
513 1893 628 1978 prioris
650 1893 810 1958 semestris
833 1893 884 1957 uel
907 1893 994 1978 tertij
1018 1894 1069 1958 uel
1092 1893 1189 1960 etiam
1211 1891 1380 1969 ulterioris,

181 1996 298 2062 Rector
327 1997 554 2076 substituetur,
588 1999 626 2063 de
659 1999 816 2063 sententia
841 1997 1100 2064 Consiliariorum
1130 2002 1162 2063 et
1183 1997 1381 2063 Decauorum

182 2104 325 2185 quatuor.

265 2207 410 2293 Insignis
424 2207 577 2286 Rectoris,
601 2209 709 2288 libros,
727 2207 845 2275 Album
861 2209 1097 2288 Vniuersitatis,
1114 2209 1256 2288 Chartas,
1280 2207 1377 2294 Sigil-

178 2310 245 2376 lum
268 2311 385 2377 Rector
406 2313 541 2379 fideliter
563 2317 596 2378 et
617 2314 788 2400 diligenter
809 2314 976 2393 custodito,
1001 2336 1097 2398 penes
1119 2335 1152 2378 se
1173 2313 1289 2378 habeto
1310 2312 1381 2378 Ma·

179 2415 332 2500 gistratus
355 2420 405 2484 sui
427 2420 578 2506 tempore.
624 2420 685 2496 cui
714 2421 806 2484 finito
838 2420 957 2485 tradito
981 2419 1110 2484 Rectori
1132 2418 1303 2484 successori
1325 2439 1381 2482 suo

179 2521 242 2586 ium
264 2521 367 2588 iurato
382 2523 594 2590 Vniuersitati
608 2523 819 2590 scholastice.
858 2520 903 2588 Ni
919 2522 1041 2602 fecerit,
1065 2525 1175 2588 contra
1197 2521 1246 2588 ius
1269 2521 1379 2587 iuran-

178 2625 253 2692 dum
277 2627 434 2694 facturum
456 2651 490 2695 se
512 2629 600 2695 sciat.

179 2869 234 2935 De
256 2869 492 2939 honoribus
509 2870 1136 2956 conferendisetpromoueudis
1159 2871 1204 2936 ad
1226 2870 1381 2957 gradus

598 2976 776 3041 illorum
798 2998 876 3062 cap.
905 2977 954 3041 16.

265 3149 471 3238 Singulorum
501 3151 735 3236 professionum
757 3151 909 3217 Doctores
940 3173 976 3218 ac
999 3152 1147 3238 Magistri
1176 3171 1304 3235 operam
1323 3137 1382 3217 'da-

179 3258 270 3334 bunt,
292 3260 330 3322 ut
351 3257 531 3341 petentibus
555 3255 739 3322 honores
761 3257 814 3322 via
836 3262 931 3342 atque
951 3258 1034 3323 ratio
1055 3257 1296 3342 praescribatur,
1320 3279 1383 3342 qua

183 3362 350 3448 peruenire
382 3362 421 3427 ad
443 3361 560 3446 petitos
589 3361 723 3426 honores
745 3362 887 3445 possint,
916 3383 981 3427 non
1008 3361 1079 3426 illos
1101 3361 1228 3446 quidem
1250 3360 1384 3444 pecunia

180 3466 376 3550 redemptos,
407 3467 459 3532 sed
491 3466 620 3532 meritos
650 3467 768 3532 virtute
802 3471 833 3531 et
867 3467 1042 3533 eruditione
1072 3489 1137 3532 sua.
1183 3463 1313 3531 Nemini
1343 3465 1383 3529 ab

184 3570 400 3637 Vniuersitete
422 3570 615 3638 Scholastica
638 3572 773 3650 excluso,
797 3573 919 3637 nemini
948 3573 997 3638 eui
1020 3572 1183 3638 functione
1205 3593 1262 3637 sua
1283 3571 1382 3636 inter·

181 3677 301 3742 dictum
323 3678 377 3758 sit,
400 3678 522 3743 nemini
544 3679 599 3763 qui
621 3699 736 3743 nomeu
760 3700 853 3744 suum
877 3679 960 3763 apud
975 3677 1142 3743 Rectorem
1157 3674 1383 3742 Vniuersitatis

180 3804 244 3848 uon
268 3782 363 3848 fuerit
392 3783 567 3868 professus,
599 3784 735 3849 honores
765 3784 916 3849 mandare
944 3783 993 3849 las
1015 3787 1101 3862 esto,
1136 3803 1237 3867 neque
1260 3781 1294 3845 iu
1317 3779 1384 3844 ulla

180 3887 374 3972 professione
397 3888 458 3952 uisi
480 3887 589 3954 ordine
612 3893 644 3954 et
666 3911 819 3954 consensu
842 3889 985 3954 omnium
1007 3893 1116 3974 gesta,
1151 3888 1211 3952 hac
1233 3887 1266 3950 in
1291 3889 1382 3970 parte

180 3991 340 4057 ualebuut.
387 3991 531 4076 Denique
553 3993 640 4058 intra
661 3995 938 4079 praescriptionem
964 3998 996 4059 et
1018 3997 1138 4060 statuta
1160 4015 1217 4058 sua
1239 3992 1279 4057 ab
1302 3990 1383 4056 Vni-

180 4097 330 4164 uersitate
352 4097 546 4164 Scholastica
567 4100 743 4184 approbata
766 4120 897 4183 quaeque
920 4099 1073 4183 professio
1099 4097 1251 4163 consistet
1273 4117 1383 4161 secuu-

180 4203 317 4292 dumque
351 4203 407 4268 ille
435 4205 554 4268 totam·
576 4205 732 4270 rationem
762 4203 1024 4268 conferendorum
1058 4203 1385 4284 decernendorumque

181 4304 333 4372 honorem
356 4308 579 4374 moderabitur.
633 4309 722 4385 Quod
751 4309 779 4374 si
816 4309 887 4393 quis
910 4309 970 4374 hac
992 4309 1026 4373 in
1049 4331 1082 4373 re
1104 4307 1246 4373 ordinem
1268 4327 1384 4372 conue-

184 4411 323 4477 nientem
347 4414 477 4480 audacia
500 4436 558 4479 sua
579 4414 830 4498 perturbouerit,
857 4414 891 4478 in
915 4435 987 4478 eum
1009 4413 1047 4478 de
1070 4413 1230 4479 sententia
1252 4410 1384 4478 Consilii

183 4517 303 4602 publici
325 4517 552 4611 Vniuersitatis
574 4519 774 4586 Scholastica
798 4519 1099 4586 adnimaduertetur.
