3460 5314
583 472 698 526 Statuta
719 472 784 526 1477
805 472 921 526 u.1505.
1289 471 1352 534 349

155 635 300 696 00010το0
323 652 479 696 resumere
502 653 567 696 non
583 635 713 715 possent
730 635 786 696 aut
802 631 927 695 vellent.
973 627 1035 691 Pro
1052 649 1114 711 quo
1129 625 1354 691 Baccalaureus

155 760 211 822 per
233 737 443 820 septimanam
467 737 556 802 dabit
579 737 657 802 duos
680 737 805 802 solidos.
850 735 884 800 si
901 739 1007 799 autem
1018 731 1152 797 Sceleris
1175 731 1225 794 vel
1238 730 1354 794 Bacca-

156 842 281 906 laureus
304 841 381 906 alias
404 842 635 925 resumpciones
656 843 772 908 habere
787 841 986 916 desideraret,
1010 838 1118 902 audire
1134 836 1251 920 poterit
1273 837 1353 913 illas,

156 969 213 1032 pro
235 951 269 1010 01
284 946 441 1022 maluerit,
465 967 696 1030 aquocunque,
721 947 768 1010 ita
789 949 906 1022 tamen,
931 943 1013 1027 quod
1029 940 1163 1006 Scolaris
1186 961 1242 1022 per
1258 940 1355 1025 septi·

156 1073 284 1116 manum
305 1051 389 1114 vltra
405 1072 501 1114 vnum
517 1050 652 1114 solidum
667 1049 896 1115 Baccalaureus
919 1069 991 1113 vero
1013 1046 1097 1110 vltra
1118 1049 1187 1109 octo
1210 1044 1355 1108 denarios

155 1178 219 1220 uon
242 1160 392 1241 grauetur
415 1176 516 1238 neque
532 1153 688 1240 Magister
710 1154 893 1220 facultatem
915 1152 1030 1218 habeat
1045 1151 1150 1214 minus
1172 1149 1353 1232 reeipiendi,

156 1261 217 1324 uisi
238 1260 322 1324 forte
344 1261 432 1324 iuxta
453 1264 561 1324 taram
583 1262 688 1326 minus
711 1262 898 1326 decernatur
916 1257 936 1321 ¹.

571 1497 628 1563 De
650 1499 946 1566 Taxatoribus.

238 1675 406 1752 Statuitur,
421 1679 456 1738 01
472 1673 612 1757 qualibet
628 1675 805 1740 mutacione
820 1675 954 1739 decanus
970 1673 1095 1756 publice
1111 1673 1246 1750 intimet,
1263 1669 1357 1757 quod,

158 1783 185 1846 si
209 1781 264 1866 qui
286 1783 472 1866 paupertate
495 1781 622 1864 grauati
645 1803 703 1864 pro
726 1781 883 1846 exerciciis
905 1781 1067 1866 integrum
1088 1785 1215 1867 pastum
1238 1783 1359 1846 soluere

159 1909 223 1951 non
247 1887 401 1963 habeant,
433 1885 513 1948 tales
542 1883 648 1950 ¹carrara
672 1908 708 1951 eo
731 1891 764 1950 et
792 1887 1052 1966 conuentoribus,
1083 1887 1216 1970 aliisque
1238 1887 1358 1950 duobus

159 1993 320 2075 utrimque
350 1992 401 2056 vie
422 1990 589 2075 Magistris
625 2013 661 2055 ex
695 1993 827 2056 oonsilio
859 1992 1019 2057 facultatis
1050 1993 1090 2056 ab
1118 1992 1190 2075 ipsa
1210 1991 1360 2055 facultate

161 2096 223 2160 sibi
245 2095 401 2160 adiunctis
416 2099 502 2159 certa
517 2095 595 2159 hora
610 2101 822 2180 compareant,
846 2101 982 2161 taxum
1005 2101 1148 2181 pastus
1163 2096 1358 2181 recipientes,

159 2200 217 2264 sub
240 2221 324 2283 pena
345 2199 515 2264 solucionis
538 2199 660 2284 integri
682 2205 802 2284 pastus.
850 2199 942 2265 Hanc
964 2205 1069 2266 autem
1092 2203 1288 2266 taracionem
1311 2201 1358 2264 f-

159 2304 260 2368 eultas
284 2307 316 2368 et
339 2303 449 2368 decani
472 2309 504 2368 et
526 2308 708 2369 tarataram
730 2306 932 2372 conscienciis
956 2307 1125 2391 relinquit,
1156 2329 1263 2371 eorum
1286 2327 1361 2370 eou-

163 2409 313 2474 seieneias
335 2409 430 2473 huius
454 2413 601 2493 pretextu
624 2411 733 2474 rolens
756 2432 822 2475 esse
844 2414 989 2476 oneratas
1009 2408 1031 2475 ².

160 2619 194 2684 in
217 2620 267 2684 die
280 2641 306 2684 s.
322 2619 390 2684 Viti
407 2619 473 2702 [15.
491 2618 582 2701 Jun]
599 2623 631 2684 et
645 2620 743 2684 tercia
759 2621 808 2685 die
831 2621 974 2706 sequenti
986 2621 1155 2704 aperiatur,
1179 2620 1241 2685 nisi
1263 2620 1359 2686 fuerit

158 2722 285 2788 festum.
331 2722 420 2787 Tunc
444 2724 530 2788 eninr
553 2727 667 2806 quarta
687 2724 737 2788 die
759 2725 927 2808 aperiatur.

246 2827 400 2912 Tempore
430 2849 504 2891 vero
534 2827 675 2912 hijcmali
702 2850 832 2894 eramen
863 2851 920 2914 pro
943 2830 1167 2916 magistrandis
1191 2830 1356 2895 intimetur

159 2933 192 2996 in
216 2933 312 2997 dies.
336 2931 472 2996 Joannis
496 2955 541 2998 ev.
566 2938 599 2997 et
622 2937 737 3016 quarta
758 2934 808 2998 die
830 2935 975 3018 sequenti
997 2936 1166 3018 aperiatur.

248 3035 257 3072 ¹
279 3043 374 3100 Dieaer
393 3043 470 3098 Titel
489 3045 561 3099 fehlt
580 3043 610 3098 in
630 3037 666 3101 Β.

249 3141 262 3179 ²
287 3142 322 3207 B.
342 3151 406 3220 fugt
424 3150 483 3204 bei:
521 3142 670 3208 Peteutes
699 3149 805 3208 texam
838 3143 954 3207 debent
976 3143 1096 3221 iurare,
1128 3143 1211 3227 quod
1240 3165 1297 3206 nec
1319 3165 1356 3206 ex

158 3248 296 3334 propriis
319 3249 531 3326 facultatibus,
555 3270 612 3313 nec
635 3270 672 3312 ex
696 3249 907 3331 cuiuscunque
928 3247 1099 3313 amicorum
1115 3248 1255 3312 subsidio
1277 3248 1362 3312 vltra

158 3354 336 3418 sedecim
358 3353 554 3418 florines
577 3355 682 3419 leuare
705 3355 837 3438 possint.

247 3457 361 3524 Visum
393 3459 553 3523 interdurn
587 3459 667 3537 fuit,
699 3459 781 3542 quod
807 3463 912 3523 taram
936 3458 1120 3542 recipientes
1143 3457 1361 3522 habundantes

160 3563 302 3627 fecerunt
332 3568 476 3647 sumptus
508 3565 541 3627 in
573 3564 642 3628 cibo
673 3570 704 3629 et
727 3569 814 3649 potu.
860 3562 997 3640 Idcirco,
1030 3586 1069 3628 ne
1097 3564 1139 3628 ob
1160 3564 1192 3628 id
1215 3563 1363 3649 magistri

161 3668 392 3748 defraudentur,
417 3669 596 3734 conclusum
619 3670 681 3734 fuit
703 3670 763 3734 sub
778 3668 851 3734 Dee.
868 3667 911 3733 M.
929 3668 1110 3733 Martini
1126 3667 1303 3732 Plansch
1326 3666 1363 3731 de

162 3771 371 3838 Dornstetten
397 3773 436 3838 A.
462 3779 555 3850 1488,
580 3772 663 3856 quod
685 3772 791 3837 nullus
814 3773 943 3836 inantea
965 3771 1231 3856 dispensationem
1253 3793 1363 3854 quam-

162 3900 285 3962 cunque
313 3883 514 3962 assequatur,
548 3878 611 3942 nisi
641 3878 675 3944 10
703 3878 910 3942 uniuersitate
942 3898 999 3962 per
1027 3899 1121 3940 ruam
1155 3877 1364 3940 mutationem

160 4005 251 4067 parce
273 3983 409 4049 uiuendo
438 3982 583 4062 steterit,
614 3983 690 4048 rino
712 4006 731 4047 a
753 3983 921 4068 pincerna,
955 3982 1142 4067 specialibus
1165 4005 1183 4045 a
1205 3981 1365 4066 preposito

163 4086 254 4151 burse
276 4087 408 4152 minime
430 4109 513 4152 0000.
560 4086 717 4171 Alioquin
739 4088 873 4151 aliorum
897 4087 1095 4171 pascibilium
1119 4107 1214 4150 onera
1237 4085 1362 4170 integra

159 4212 267 4276 gerere
292 4193 392 4257 debet.
439 4191 578 4268 Quodsi
602 4215 671 4256 cum
696 4192 862 4276 quopiam,
897 4196 932 4254 01
954 4192 1122 4275 prefertur,
1146 4191 1362 4274 dispensatum

160 4297 300 4362 extiterit
322 4303 355 4363 et
375 4299 431 4363 ille
445 4303 518 4381 post
533 4297 714 4362 huiusmodi
728 4297 995 4381 dispensationem
1020 4300 1176 4381 sumptus,
1199 4295 1365 4378 pascibiles

160 4407 402 4482 concernentes,
436 4404 539 4470 facere
570 4404 706 4488 ceperit,
740 4403 767 4466 is
796 4402 835 4466 ad
857 4401 1048 4465 solutionem
1079 4403 1188 4484 paetus
1211 4404 1245 4463 vt
1269 4398 1365 4463 ceteri

160 4508 375 4592 compellatur.
