3460 5314
598 504 714 562 Statuta
735 508 801 562 1177
814 525 840 561 5.
857 509 931 564 1505.
1300 510 1363 576 355

252 670 302 731 55.
328 665 410 730 115111
433 668 467 728 11
481 663 649 729 Studentes
666 665 768 751 magis
785 665 985 752 disciplinam
1000 666 1137 746 valeant,
1161 670 1274 735 statuit
1296 671 1365 754 ipsa

158 770 296 835 facultas
320 774 352 834 et
373 769 550 847 ordinauit,
584 771 668 854 quod
691 767 831 835 Soolares
857 775 889 834 51
912 769 1113 836 Bacoalaurei
1137 777 1278 857 tempore
1299 775 1364 838 dis·

157 873 359 959 pensacionis
382 875 450 937 siue
473 873 673 938 admissionis
696 873 735 937 ad
751 878 946 959 temptamen
970 897 1028 959 per
1049 875 1262 941 iuramentum
1286 879 1364 943 reci-

156 982 230 1042 tare
252 983 421 1042 teneantur
443 999 610 1042 numerum
626 978 795 1042 lectionum
814 977 1037 1043 exerciciorum
1052 1000 1088 1044 ac
1110 980 1364 1066 disputacionum

159 1104 294 1166 percos
318 1083 533 1167 neglectarum
564 1083 599 1145 in
621 1082 735 1158 finem,
769 1086 805 1146 rt
834 1083 862 1146 si
884 1083 954 1166 quis
977 1081 1151 1149 Scolarium
1175 1087 1223 1150 vel
1248 1085 1364 1151 Bacca-

157 1188 342 1250 laureorum
365 1186 434 1248 sinc
457 1185 609 1268 legitimis
633 1186 734 1249 causis
759 1187 851 1268 (quas
874 1207 933 1270 pro
956 1189 1034 1252 tunc
1059 1189 1197 1274 allegare
1219 1195 1365 1256 teneatur

157 1292 194 1355 in
218 1291 383 1375 prueucia
404 1289 580 1372 facultatis)
604 1289 804 1375 neglexisset,
829 1290 862 1353 in
881 1290 988 1374 aliquo
1010 1292 1165 1357 librorum
1188 1293 1366 1360 formaliter

157 1417 221 1479 pro
244 1396 345 1480 gradu
367 1394 593 1477 requisitam
607 1399 656 1460 tot
671 1395 821 1458 lectiones
836 1398 868 1458 et
884 1396 1034 1460 exercicia
1050 1401 1105 1461 aut
1121 1398 1363 1483 disputaciones,

160 1501 248 1582 quod
272 1499 417 1564 facultati
441 1521 512 1563 eum
535 1499 594 1563 tali
617 1519 681 1563 non
696 1500 842 1564 ridcahrr
856 1499 1111 1584 dispensandum,
1136 1507 1265 1567 extunc
1287 1505 1361 1567 talis

160 1603 201 1667 ad
227 1608 422 1688 temptamen
445 1603 494 1667 151
518 1625 648 1667 examen
671 1623 735 1667 non
758 1604 956 1668 admittatur.

252 1713 302 1772 56.
339 1707 419 1774 Vult
440 1708 570 1792 insuper
592 1708 676 1774 dicta
698 1707 851 1785 facultas,
882 1710 964 1792 quod
988 1710 1042 1793 qui
1066 1710 1099 1774 in
1122 1711 1309 1778 lectionibus
1332 1718 1365 1778 et

158 1813 320 1878 exerciciis
344 1817 400 1877 551
422 1813 691 1898 disputacionibus
713 1835 732 1878 a
754 1813 912 1897 principio
940 1815 990 1879 151
1013 1815 1095 1879 circa
1117 1816 1149 1880 id
1173 1818 1276 1901 ipsum
1299 1838 1363 1882 non

158 1918 299 1995 luerint,
324 1918 406 2001 quod
429 1917 494 1983 illis
516 1919 621 1982 ecdem
643 1919 793 1982 lectiones
818 1917 969 1983 exercicia
996 1923 1052 1983 aut
1073 1920 1306 2004 disputaciones
1330 1923 1363 1985 in

162 2043 333 2086 numerum
350 2023 565 2107 neglectarum
580 2026 821 2107 computentur3
846 2023 900 2107 qui
916 2027 1022 2088 autem
1038 2029 1178 2108 tempore
1193 2026 1364 2090 lectionum

162 2127 388 2192 exerciciorum
411 2129 461 2191 rel
484 2127 737 2210 disputacionum
752 2127 885 2214 trupbas
907 2132 962 2192 aut
977 2129 1055 2192 alias
1071 2130 1267 2208 insolencias,
1292 2132 1363 2214 qui·

162 2229 223 2294 bus
245 2232 324 2296 alios
348 2233 510 2298 audientes
533 2232 581 2296 151
604 2234 717 2297 saltem
739 2233 929 2318 magistrum
944 2233 1102 2319 legentem
1127 2235 1362 2319 impediuerint‚

162 2338 400 2416 commiserunt,
425 2359 508 2422 pena
530 2337 756 2402 retardacionis
779 2342 989 2402 coerceantur.

253 2447 303 2506 57.
335 2441 477 2517 Quilibet
508 2443 606 2507 eciam
637 2443 868 2527 promouendus
891 2442 924 2505 in
947 2442 1086 2520 artibus,
1118 2443 1302 2526 priusquam
1325 2445 1364 2508 ad

161 2550 358 2631 temptamen
376 2547 573 2624 admittatur,
597 2547 771 2610 cedulae
793 2547 1141 2630 recognicionum
1165 2548 1364 2612 deomnibus

159 2652 218 2735 per
240 2673 274 2716 se
296 2652 413 2716 auditis
436 2650 624 2716 lectionibus
646 2654 678 2714 et
709 2651 868 2715 exerciciis
891 2649 994 2735 palam
1024 2651 1170 2716 facultati
1193 2656 1363 2737 presentet,

160 2759 221 2822 sub
245 2779 327 2842 pena
350 2779 414 2822 non
437 2755 646 2822 admissionis.

253 2952 334 3017 Item
367 2950 502 3018 facultas
542 2952 625 3017 vltra
657 2973 711 3016 sex
749 2949 978 3036 disputationes
1009 2951 1150 3015 bursales
1182 2952 1363 3037 dispensare

162 3057 354 3122 nonhabet.

251 3159 332 3226 Item
362 3159 496 3224 facultas
525 3163 666 3241 tempore
697 3157 897 3222 admissionis
929 3158 961 3222 in
994 3159 1117 3225 defectu
1147 3159 1222 3224 libri
1254 3163 1362 3226 totalis

161 3265 297 3352 neglecti
321 3265 503 3351 dispensare
525 3263 647 3346 nequit.

250 3368 332 3434 Item
355 3369 559 3435 cancellarius
582 3367 758 3432 reserunuit
780 3367 843 3430 sibi
865 3349 1132 3450 dispensationem
1165 3389 1260 3453 super
1282 3373 1362 3435 tem-

166 3475 254 3558 poris
278 3474 400 3538 defectu
423 3495 495 3538 cum
517 3473 748 3558 promouendis,
773 3474 819 3538 ita
841 3474 923 3556 quod
940 3495 996 3538 nec
1013 3474 1211 3551 uniuersitas,
1235 3496 1292 3538 nec
1314 3476 1360 3540 fa·

162 3579 275 3657 cultas,
301 3579 468 3662 quicquam
492 3580 526 3642 in
549 3578 609 3644 hoo
630 3582 823 3662 presumant.

251 3683 350 3748 Nulla
381 3684 509 3767 insuper
532 3683 682 3767 pecunia,
705 3683 739 3748 in
762 3685 1046 3768 promouendorum
1071 3683 1319 3766 dispensatione,
1343 3705 1362 3748 a

165 3811 326 3874 quoquam
341 3811 399 3873 pro
419 3788 625 3874 negligencijs
641 3794 673 3854 et
688 3789 864 3854 excessibus
880 3789 1058 3876 recipiatur,
1083 3789 1245 3874 magistris
1261 3789 1364 3874 appli-

161 3894 278 3970 canda,
308 3892 383 3958 Nisi
405 3893 487 3977 quod
511 3895 637 3958 scolaris
660 3893 737 3958 duos
768 3899 801 3959 et
823 3895 1056 3980 magistrandus
1089 3899 1224 3978 quatuor
1247 3895 1363 3959 solidos

163 3998 326 4083 magistris
350 3999 387 4063 de
409 3998 560 4064 facultate
583 4021 641 4082 pro
664 4000 853 4065 admissione
871 4000 985 4078 soluat,
1010 4021 1065 4084 per
1087 3997 1147 4064 hoc
1169 4004 1276 4064 tamen
1299 3998 1362 4083 ipsi

161 4102 308 4168 facultati
333 4125 396 4168 non
419 4107 468 4168 est
490 4105 617 4169 sublata
640 4109 778 4190 potestas
801 4105 952 4188 puniendi
975 4105 1196 4190 negligentias,
1220 4120 1363 4170 excessus

160 4213 192 4273 et
216 4209 331 4274 delicta
365 4210 668 4292 promouendorum,
703 4211 777 4276 fisco
801 4210 962 4275 facultatis
990 4209 1269 4294 applicandarum,
1301 4205 1363 4272 nisi

160 4319 263 4378 essent
285 4314 363 4378 talia
385 4313 509 4391 delicta,
533 4319 746 4400 propterque
768 4315 1011 4398 promouendus,
1034 4336 1072 4378 ex
1096 4317 1235 4391 statuto,
1259 4312 1362 4396 quali-

160 4421 226 4482 tate
248 4439 381 4500 persone
405 4420 555 4504 inspecta,
579 4424 662 4485 esset
682 4420 899 4485 retardandos.

1100 4519 1154 4574 23*
