3464 5318
319 427 381 490 102
604 422 646 476 20.
665 417 743 474 Neue
763 413 919 472 Rednotion
936 415 985 470 der
1003 413 1138 470 Statuten
1157 412 1232 472 1500.

413 580 502 657 Quod
531 578 656 643 nullum
687 576 865 641 membrum
895 572 1112 638 uniuersitatis
1142 576 1251 638 nostre
1283 595 1321 638 ex
1356 572 1519 658 proposito

316 686 557 754 irreuerenciam
578 683 675 749 faciat
697 685 730 746 ct
750 681 897 746 exhibeat
918 699 975 763 per
997 699 1031 742 se
1052 677 1102 742 vel
1125 676 1233 754 alium,
1257 676 1373 744 directe
1395 678 1445 743 vel
1467 678 1517 742 in-

317 792 443 870 directe,
467 789 579 876 quouis
602 788 694 853 modo
718 785 853 852 dominis
869 782 997 850 Rectori
1013 781 1208 847 cancellario
1230 786 1286 847 aut
1309 783 1404 849 alicui
1426 783 1521 849 alteri

316 897 354 962 de
375 895 592 963 uniuersitatis
614 891 745 958 consilio
768 889 928 968 existenti,
952 888 1011 954 sub
1036 909 1117 972 pena
1138 887 1279 971 periurii.

756 1132 805 1199 De
827 1133 887 1198 viis
909 1135 942 1198 et
963 1130 1077 1198 bursis.

404 1312 507 1380 Debet
528 1310 663 1394 denique
693 1308 838 1392 deinceps
870 1306 1004 1390 quilibet
1026 1305 1238 1372 intitulandus
1268 1305 1326 1371 hec
1349 1305 1434 1371 inter
1456 1306 1519 1371 alic

320 1417 491 1484 iuramenti
523 1413 788 1480 intitulnndorum
822 1410 961 1496 capitula
991 1411 1111 1475 iurare:
1165 1408 1247 1475 Item
1280 1409 1363 1494 quod
1396 1409 1520 1474 nullum

318 1521 497 1588 membrum
518 1521 574 1584 aut
590 1517 795 1602 ‘suppositum
828 1516 868 1581 ad
891 1537 1109 1599 quemcunque
1139 1518 1259 1580 statum
1281 1515 1445 1600 perueniet
1468 1514 1520 1580 hic

318 1626 368 1691 vel
391 1624 478 1704 abbi,
501 1644 706 1710 quoscunque
727 1627 836 1688 nostre
851 1621 1053 1688 vniuersitati
1069 1620 1316 1706 incorporandos
1338 1644 1394 1706 per
1417 1643 1450 1686 se
1471 1620 1522 1686 vel

318 1730 417 1796 alium
452 1727 569 1794 directe
598 1727 648 1792 vel
678 1726 829 1792 indirecte
853 1725 965 1810 quouis
987 1724 1081 1790 modo
1102 1725 1133 1789 id
1156 1724 1225 1790 ficri
1253 1724 1354 1809 possit
1375 1725 1415 1790 cd
1437 1725 1522 1790 viam

319 1835 402 1900 hanc
424 1834 475 1900 vel
497 1833 586 1900 illam
609 1853 662 1898 seu
685 1832 813 1898 bursam
835 1829 1013 1914 specialiter
1035 1829 1156 1896 alliciat
1186 1830 1315 1895 inducat
1337 1829 1522 1914 persuadeat

318 1941 374 2005 aut
387 1938 651 2024 qualitercunque
673 1938 857 2021 promoueat
873 1955 945 1999 cum
968 1933 1086 1998 iniuria
1108 1936 1164 1998 aut
1186 1933 1380 1999 detractione
1402 1933 1452 1998 vie
1474 1933 1522 1998 al·

321 2043 419 2108 terius
441 2047 497 2108 aut
518 2041 727 2126 personaliter
749 2038 927 2116 cuiusdam,
961 2037 1020 2102 sub
1043 2059 1126 2122 pena
1148 2038 1289 2122 periurii,
1313 2060 1408 2122 quam
1431 2059 1519 2103 secus

322 2147 440 2213 taciens
463 2147 605 2211 incurrat
626 2147 696 2231 ipso
714 2144 807 2222 facto,
831 2147 863 2209 et
878 2142 1066 2208 exclusionis
1081 2144 1231 2226 perpetue
1247 2142 1287 2207 ab
1302 2140 1517 2221 summitate,

320 2274 390 2318 cum
415 2251 453 2315 de
474 2249 582 2334 aliquo
605 2250 669 2314 tale
691 2249 767 2334 quid
790 2252 984 2332 compertum
1009 2247 1105 2312 fucrit
1125 2251 1158 2312 et
1181 2247 1370 2313 constiterit.

408 2354 593 2420 Consulenti
615 2359 721 2420 tamen
743 2376 786 2432 se,
810 2353 849 2418 ed
872 2375 968 2438 quam
990 2353 1119 2418 bursam
1144 2356 1200 2416 aut
1224 2353 1306 2417 viam
1328 2373 1361 2416 se
1383 2352 1521 2438 recipere

320 2462 441 2538 debeat,
464 2457 625 2526 consulere
649 2460 766 2543 poterit
788 2459 827 2524 ed
849 2459 933 2524 viam
956 2464 988 2524 et
1013 2459 1137 2523 bursam
1154 2479 1249 2543 quam
1272 2457 1429 2537 maluerit,
1454 2480 1519 2523 non

320 2569 427 2632 temen
450 2565 583 2632 alteram
605 2564 699 2630 alteri
720 2563 771 2629 vel
792 2585 958 2649 perennem
981 2583 1114 2649 persone
1137 2584 1209 2628 cum
1232 2562 1425 2628 detractione
1448 2584 1520 2646 pre-

319 2668 457 2734 ferendo.
504 2668 651 2734 Cauendo
683 2669 779 2734 etiam
800 2691 842 2734 ne
863 2668 1016 2755 impediat
1046 2668 1143 2733 telem
1164 2668 1205 2732 ab
1227 2668 1412 2733 execucione
1434 2687 1520 2733 com-

320 2772 480 2838 missionis
511 2773 574 2838 sibi
604 2772 687 2838 fscte
717 2772 757 2837 ad
790 2772 873 2836 viam
903 2773 999 2837 aliam
1029 2793 1196 2856 personam
1227 2770 1277 2836 vel
1299 2793 1448 2857 personas
1472 2772 1523 2837 vie

320 2878 460 2958 alterins,
484 2899 546 2962 quo
560 2877 667 2943 minus
682 2877 810 2961 exsequi
824 2878 936 2961 possit,
961 2877 1130 2942 dummodo
1146 2876 1324 2942 commissio
1346 2876 1403 2941 illa
1426 2900 1445 2942 a
1466 2899 1523 2960 pa·

320 2981 463 3048 rentibus
495 2981 738 3068 consanguineis
770 2985 826 3048 sut
857 2983 989 3048 missum
1022 2982 1268 3068 expensantibus
1300 2981 1384 3046 fecta
1416 2981 1522 3047 fuerit.

322 3086 390 3162 Qua
412 3087 594 3154 executione
617 3086 710 3166 fecta,
733 3086 761 3152 si
784 3109 820 3152 eo
844 3087 1072 3154 nonobstante
1087 3087 1121 3151 in
1137 3088 1200 3154 alie
1222 3087 1274 3152 via
1287 3091 1372 3152 stare
1386 3091 1523 3170 cuperet,

321 3212 386 3258 non
409 3191 580 3276 recipietur
603 3191 642 3256 ad
663 3192 793 3258 bursam
816 3192 922 3272 aliam,
938 3193 1001 3258 nisi
1023 3194 1116 3259 aliter
1136 3193 1263 3259 Rectori
1279 3191 1523 3258 concentoribus

322 3300 354 3361 et
376 3295 537 3382 magistris
559 3296 739 3364 constiterit
754 3299 792 3363 de
806 3298 1028 3364 commissione
1044 3299 1084 3364 cd
1098 3299 1193 3364 aliam
1209 3298 1293 3364 viam
1309 3298 1402 3377 fecta,
1426 3297 1525 3362 donec

323 3406 363 3466 2a
384 3401 563 3468 commissio
586 3423 605 3466 a
625 3403 756 3486 prefatis
789 3405 907 3489 absque
930 3404 1018 3470 omni
1050 3404 1161 3470 fraude
1192 3408 1224 3468 ct
1246 3403 1429 3487 deceptione
1451 3424 1524 3486 pro-

322 3508 432 3572 curate
461 3505 575 3584 fuerit,
606 3507 657 3572 cui
690 3507 830 3574 finaliter
858 3507 1009 3573 standum
1038 3508 1080 3573 sit
1113 3530 1169 3593 per
1192 3507 1315 3584 omnia,
1348 3527 1430 3591 pena
1463 3507 1523 3571 sub

325 3611 443 3676 cadem.

412 3714 567 3782 Volumus
591 3735 714 3798 quoque
736 3711 914 3780 huiusmodi
941 3715 1082 3800 capitula
1097 3739 1115 3781 a
1130 3717 1273 3800 quolibet
1296 3716 1524 3782 intitulationis

322 3823 464 3903 tempore
495 3817 593 3883 iurari
623 3818 661 3883 de
692 3823 794 3885 cetero
817 3826 850 3886 et
872 3841 944 3886 cum
966 3823 1103 3908 quadam
1126 3823 1302 3889 auisatione
1330 3823 1364 3888 in
1387 3823 1529 3907 qualibet

322 3926 515 3990 statutorum
538 3924 673 3990 lectione
694 3925 867 3992 scolaribus
898 3928 1077 4013 specialiter
1100 3928 1139 3993 ed
1165 3929 1350 3994 memoriam
1373 3927 1524 4010 reuocari.

409 4028 490 4094 Item
513 4029 682 4096 statuimus
705 4034 737 4097 ct
758 4032 954 4112 ordinamus,
988 4037 1024 4098 vt
1046 4038 1215 4119 postquam
1246 4033 1360 4117 aliquis
1383 4032 1446 4096 iam
1471 4031 1528 4096 vni

322 4136 418 4201 barse
440 4135 659 4222 incorporatus
681 4139 747 4216 est,
771 4137 811 4202 cd
834 4139 929 4204 eliam
953 4139 1082 4204 bursam
1106 4161 1162 4224 per
1185 4137 1399 4204 iuramentum
1420 4136 1526 4201 nulla·

323 4243 416 4304 tenus
439 4245 618 4308 assumatur
647 4243 697 4308 vel
720 4240 892 4326 recipiatur
914 4245 970 4306 aut
991 4243 1026 4306 in
1049 4264 1086 4307 ea
1119 4242 1281 4318 sonestur,
1312 4239 1374 4304 nisi
1397 4261 1452 4324 per
1475 4240 1525 4304 in·

323 4349 452 4431 tegrum
473 4367 594 4412 aunum
615 4347 726 4414 absens
750 4348 855 4412 fuerit.
910 4346 1000 4423 Quod
1035 4347 1062 4412 si
1085 4344 1234 4432 Magistri
1257 4344 1423 4410 bursarum
1446 4342 1528 4409 didi-

325 4449 427 4516 cerint
449 4449 588 4536 aliquem
610 4451 649 4517 ad
672 4473 724 4518 eos
746 4455 927 4538 promotum
941 4473 1008 4520 esse
1038 4475 1110 4520 cum
1135 4451 1252 4520 iniuria
1266 4453 1323 4518 esst
1337 4449 1530 4518 detractione
