3462 5320
362 440 424 504 222
726 434 769 488 41.
788 431 921 488 Statuten
939 432 966 488 d.
985 432 1019 487 U.
1038 451 1093 489 ron
1114 434 1189 489 1537.

361 594 464 678 sarijs.
509 589 560 656 Ne
582 591 653 674 quis
676 590 868 655 saltandi
898 592 1063 675 spectandi
1093 595 1149 658 aut
1175 593 1305 660 alterius
1335 595 1381 661 rei
1403 594 1563 680 graticio
1698 645 1700 650 .

361 721 433 764 cum
456 697 568 775 locum,
592 696 647 760 ubi
669 695 805 780 publica
828 696 1015 763 saltationes
1039 697 1207 777 habentur,
1232 721 1299 765 sese
1321 699 1478 777 conferat,
1502 698 1564 763 nisi

361 803 444 869 forte
458 800 730 866 Doctoralescunr
750 799 891 866 clrsrrm¹
912 801 1123 883 habebuntur,
1148 807 1204 869 aut
1226 805 1304 870 alias
1326 806 1458 871 honesta
1480 804 1564 868 inui-

361 908 482 984 tatione
504 905 626 990 pudicae
658 905 780 971 choreae
811 906 971 992 particeps
991 907 1113 987 factus,
1148 912 1180 972 et
1202 908 1367 974 obseruata
1389 909 1447 974 hac
1469 910 1564 974 etiam

362 1014 396 1078 in
419 1033 453 1077 re
476 1011 641 1076 honestate
663 1014 695 1076 et
725 1009 878 1076 decentia·
925 1010 986 1087 Qui
1008 1012 1101 1078 aliter
1132 1012 1260 1093 fecerit,
1293 1014 1427 1079 multam
1448 1014 1564 1080 soluito

362 1115 573 1183 cruciatorum
595 1112 665 1178 XV.

449 1217 673 1294 Conuiuia,
696 1218 954 1302 compotationes,
977 1239 1018 1282 ne
1041 1218 1112 1302 quis
1134 1220 1237 1287 alieno
1267 1223 1337 1287 loco
1358 1225 1390 1286 et
1412 1224 1563 1306 tempore,

361 1348 424 1392 neu
446 1323 609 1389 barbarico
640 1321 705 1386 ritu
735 1342 772 1387 ac
803 1323 931 1387 uesania
952 1323 1043 1410 uulgi
1066 1325 1231 1392 celebrato.
1284 1326 1374 1392 Neue
1396 1328 1564 1411 quisquam

366 1431 501 1496 alterum
524 1428 559 1492 in
582 1425 780 1511 propinando
803 1425 842 1490 ad
864 1426 1069 1511 equalitatem
1099 1428 1216 1514 adigat.
1262 1431 1401 1508 Quodsi
1425 1432 1495 1515 quis
1517 1431 1564 1496 fe-

361 1536 441 1602 cisse
464 1530 685 1617 comperiatur,
709 1529 757 1594 illi
780 1529 883 1594 multa
905 1529 1064 1615 irrogator
1086 1534 1298 1600 cruciatorum
1320 1534 1388 1601 XX.
1434 1533 1468 1601 Si
1491 1557 1565 1600 uero

362 1641 458 1706 etiam
481 1638 586 1702 furore
609 1635 717 1720 aliquo
739 1636 796 1698 aut
817 1635 1016 1718 turpitudine
1038 1639 1094 1700 aut
1116 1637 1255 1704 faeditate
1278 1639 1329 1723 (ut
1347 1643 1423 1706 sunt
1445 1639 1564 1706 discur-

365 1745 510 1821 sionum,
534 1740 724 1816 clamorum,
749 1739 1052 1819 tumultuatum,
1085 1744 1236 1828 vomitus)
1259 1743 1366 1828 priora
1388 1746 1512 1810 auxerit
1533 1750 1565 1810 et

362 1847 619 1923 accumulauerit,
643 1864 765 1910 carcere
788 1845 993 1928 compescitor
1015 1846 1122 1929 plures
1137 1849 1340 1932 paucioresue
1362 1850 1438 1930 dies,
1461 1851 1507 1914 ita
1528 1856 1566 1914 ut

364 1952 480 2019 Rector
503 1973 561 2037 pro
584 1949 691 2014 delicti
713 1951 879 2014 atrocitate
901 1950 1058 2014 statuerit.

452 2055 564 2122 Alea
586 2053 768 2130 faeditatem,
793 2053 917 2132 (lamna,
940 2054 1066 2140 flagitia
1088 2078 1125 2120 ac
1147 2057 1242 2142 plane
1268 2059 1494 2124 scurrilitatem
1516 2061 1566 2125 ui-

363 2165 454 2228 tanto
470 2179 591 2236 omnes,
614 2179 717 2240 neque
733 2157 920 2244 indulgento
935 2158 1112 2224 inhonestis
1127 2162 1355 2247 uoluptatibus,
1375 2187 1446 2230 curn
1457 2166 1567 2230 multae

362 2267 504 2333 honesta
526 2261 740 2348 suppeditent.
787 2261 940 2328 Scurriles
961 2269 1066 2328 autem
1090 2267 1259 2347 aleatores,
1285 2271 1401 2354 quique
1423 2272 1495 2336 illos
1518 2276 1565 2336 te-

363 2371 469 2436 xerint
491 2372 547 2432 aut
569 2365 759 2450 receperint,
783 2367 921 2451 primum
937 2388 1009 2434 cum
1025 2369 1158 2435 indicati
1179 2372 1308 2452 fuerint,
1331 2379 1441 2441 curato
1451 2376 1567 2442 Rector

364 2473 495 2550 moneri,
519 2477 557 2536 ut
582 2470 719 2555 improbi
737 2491 803 2536 esse
818 2472 974 2553 desinant,
998 2475 1025 2538 si
1048 2474 1131 2539 nihil
1146 2477 1315 2560 profecerit
1337 2481 1503 2560 monendo,
1526 2481 1566 2545 ab

364 2579 477 2645 delatis
506 2581 617 2662 postea
646 2599 682 2641 ac
712 2577 869 2642 damnatis
901 2578 961 2643 hoc
998 2581 1126 2644 nomine
1155 2582 1288 2648 multam
1321 2585 1440 2672 exigito
1473 2587 1566 2650 vuius

364 2683 487 2760 floreni,
504 2706 523 2748 a
538 2681 633 2747 tertio
649 2681 760 2746 delatis
775 2681 992 2767 damnatisque
1004 2685 1109 2765 duum,
1126 2692 1235 2773 postea
1250 2712 1325 2755 uero
1339 2713 1466 2755 rursum
1481 2691 1566 2756 dela-

364 2797 414 2856 tos
431 2791 668 2872 damnatosque,
693 2791 728 2852 bt
744 2788 915 2872 desperatae
929 2790 1069 2872 malitias,
1092 2795 1224 2860 infamia
1238 2794 1425 2860 exclusionis
1442 2799 1562 2860 notato.

450 2895 548 2959 Extra
570 2895 695 2958 intraue
716 2893 868 2978 oppidum
900 2896 1101 2980 publicos
1124 2902 1257 2963 caetus
1279 2919 1429 2983 cogere
1452 2903 1484 2963 et
1506 2898 1564 2963 ha·

363 3000 437 3066 bere
459 2998 686 3066 commessaudi
709 2999 963 3085 mnuiuandique
993 3003 1098 3087 gratia
1126 3001 1177 3084 (ut
1206 3025 1289 3089 saepe
1319 3003 1358 3068 ad
1380 3004 1508 3068 choreas
1530 3004 1566 3068 in

363 3107 450 3186 urbe,
473 3109 506 3170 et
529 3105 607 3170 foris
624 3105 663 3168 ad
680 3110 771 3189 prata
786 3109 819 3170 et
834 3108 1004 3172 fonticulos
1020 3130 1056 3172 ac
1071 3131 1180 3174 amnes
1195 3108 1264 3173 fieri
1279 3109 1455 3190 consueuit)
1479 3130 1565 3174 nunc

363 3212 463 3298 igitur
486 3210 633 3296 deinceps
655 3210 809 3276 eiusmodi
833 3217 929 3277 caetus
946 3235 1066 3298 cogere,
1089 3215 1191 3280 facere
1205 3238 1246 3280 ne
1262 3215 1365 3294 liceat,
1389 3215 1451 3280 nisi
1465 3216 1566 3301 impe·

363 3321 448 3384 trata
470 3317 562 3383 uenia
583 3321 615 3381 ct
637 3317 788 3382 facultate
809 3315 985 3384 altectore.
1030 3319 1092 3396 Qui
1112 3342 1200 3386 secus
1217 3321 1335 3400 fecerit,
1359 3324 1469 3385 contra
1491 3319 1566 3384 Jus-

364 3422 532 3487 iurandnm
557 3421 667 3486 fecisse
690 3422 856 3488 indicator,

388 3637 393 3647 ·
456 3596 505 3660 De
526 3596 712 3683 ablegandis
735 3597 786 3662 uel
810 3597 1009 3663 excludendis
1030 3603 1161 3686 propter
1182 3599 1469 3684 intemperantiam.

450 3716 510 3793 Qui
544 3720 836 3806 negligentiae
866 3719 918 3783 uel
948 3721 1298 3807 intemperantia
1327 3744 1395 3787 sese
1424 3720 1568 3785 dederint

369 3825 425 3887 aut
447 3821 525 3887 alias
545 3823 747 3889 turbulenter
770 3847 802 3888 se
824 3825 990 3909 gesserint,
1014 3831 1051 3892 ut
1073 3833 1255 3913 postumam
1279 3833 1334 3893 aut
1356 3827 1488 3892 alteram
1511 3826 1568 3890 ad·

365 3928 574 3994 monitionem
598 3933 630 3993 ct
652 3930 894 4015 castigationem
917 3932 1095 3998 emendatio
1118 3934 1330 4019 conspiciatur
1353 3933 1459 4012 nulla,
1483 3933 1504 4016 ij
1528 3930 1567 3996 ad

364 4038 511 4119 parentes
534 4039 566 4098 et
588 4036 785 4120 propinquos
808 4036 845 4101 de
869 4037 1000 4102 consilio
1015 4037 1158 4104 Rectoris
1180 4043 1213 4103 et
1228 4041 1354 4102 senatus
1370 4038 1567 4123 ablegentur,

364 4161 404 4204 ne
426 4139 580 4204 iacturam
603 4141 776 4224 temporis,
812 4143 1004 4208 ualetudinis
1034 4148 1067 4207 et
1100 4145 1253 4209 bonorum
1278 4142 1407 4206 faciant.
1455 4142 1488 4208 Si
1512 4141 1568 4226 qui

362 4266 438 4309 uero
461 4245 500 4309 ad
522 4267 680 4311 summum
702 4247 837 4332 gradum
852 4247 1068 4332 improbitatis
1091 4247 1211 4313 fuerint
1234 4249 1401 4334 progressi,
1426 4247 1448 4330 ij
1471 4248 1567 4311 etiarn

360 4347 495 4430 infamia
517 4351 707 4416 exclusionis
729 4353 886 4418 notabunt
894 4375 940 4418 ur.

311 4570 316 4578 ,
437 4505 534 4561 lrnss.
553 4505 667 4564 choreae.
