3464 5318
467 430 509 484 20.
529 427 606 483 Neue
624 427 780 484 Redaotion
800 428 850 483 der
867 427 1001 484 Statutcn
1020 431 1095 485 1500.
1325 435 1386 498 103

181 588 233 652 vie
254 589 384 655 alterius
407 593 462 655 aut
485 610 689 674 personarum
706 587 853 668 eiusdem,
878 588 996 654 debent
1013 589 1111 654 talem
1133 589 1288 654 iniustum
1311 611 1385 675 pro-

180 696 336 758 motorem
367 693 551 773 admonere,
585 695 668 778 quod
691 693 832 758 decatero
854 693 1003 775 desistat,
1032 715 1130 778 quum
1154 694 1192 758 de
1214 699 1316 761 cetero
1339 697 1385 761 sic

184 797 225 861 ad
248 819 299 863 eos
320 819 376 883 per
407 821 477 862 eum
510 802 693 882 promotum
725 820 781 863 nec
803 798 918 863 habere
948 799 1050 863 velint
1071 819 1129 864 nec
1151 800 1294 880 valeant,
1325 801 1385 865 sub

180 923 264 985 pena
287 903 424 968 carentia
446 903 550 967 omnis
572 901 767 967 emolimenti
789 902 862 966 talis
891 903 940 966 vel
964 902 1077 966 talium
1100 903 1139 967 ad
1169 924 1220 968 eos
1243 903 1288 968 sio
1309 925 1384 988 pro-

181 1008 331 1072 mouendi
360 1008 409 1073 vel
433 1008 725 1092 promouendorum.
779 1005 821 1071 Et
843 1007 870 1070 si
903 1007 978 1090 quid
1000 1006 1045 1071 sic
1068 1007 1238 1092 reciperint
1260 1007 1293 1072 in
1316 1007 1384 1073 foro

181 1111 372 1178 conscientie
386 1113 551 1178 restituere
566 1115 743 1188 teneantur,
760 1132 817 1176 nee
831 1111 896 1176 ullo
912 1111 1006 1176 modo
1020 1109 1136 1177 habere
1151 1112 1276 1197 possint
1287 1112 1323 1196 [i.
1338 1113 1382 1196 9].

658 1355 709 1421 Dc
731 1355 871 1420 vestibus
889 1353 910 1419 ¹.

272 1527 433 1595 Statutum
463 1532 541 1596 illud
570 1551 632 1615 quo
662 1530 701 1595 ad
732 1529 874 1594 doctores
903 1533 936 1594 et
964 1530 1161 1615 superiorum
1195 1530 1383 1597 facultatum

179 1633 360 1702 licentiatos
390 1637 435 1702 sic
465 1635 658 1702 declaratum
689 1640 736 1701 est
760 1657 815 1722 per
839 1657 891 1700 eos
921 1657 1056 1720 quorum
1078 1636 1219 1701 interest
1265 1634 1382 1700 Nullus

181 1739 346 1806 doctorum
375 1743 424 1806 vel
455 1741 635 1806 licentiatus
669 1741 702 1804 in
729 1740 881 1824 superiori
915 1740 1065 1805 iacultate
1098 1741 1224 1806 incedat
1257 1740 1382 1826 publice

181 1845 340 1926 mitratus,
363 1847 426 1911 nisi
449 1845 645 1910 infirmitatis
668 1865 760 1909 causa
783 1844 816 1908 in
839 1844 959 1910 viribus
982 1845 1115 1910 deficiat.
1171 1845 1253 1910 Item
1276 1847 1383 1911 nullus

179 1953 291 2016 utatur
320 1951 431 2038 caligis
460 1950 588 2036 partitis
618 1950 731 2016 eoloris
762 1951 859 2029 varii,
905 1951 1026 2016 scilicet
1056 1973 1157 2036 neque
1187 1953 1382 2017 manicarum

178 2055 317 2118 scissura
348 2056 397 2120 vel
427 2054 588 2140 apertione
618 2055 775 2140 pendente
806 2060 892 2122 veste
925 2061 957 2121 et
994 2055 1123 2122 brachio
1156 2060 1297 2124 extracto
1327 2061 1382 2122 aut

181 2160 394 2245 pheriphcriis
418 2161 548 2228 alterius
577 2159 690 2226 coloris
714 2184 733 2225 a
754 2165 840 2226 reste
869 2159 1031 2246 pectorali.
1076 2159 1144 2225 Nec
1169 2161 1244 2226 licet
1266 2161 1382 2226 eisdem

180 2264 304 2330 deferre
326 2266 481 2332 birretum
504 2267 640 2332 rubeum
661 2267 717 2330 aut
739 2265 858 2350 duplici
889 2265 975 2350 plica
996 2265 1148 2352 plicatum
1171 2265 1383 2350 cuiuscunque

180 2370 295 2436 coloris
318 2372 414 2436 tuerit
437 2371 498 2436 nisi
520 2369 674 2456 professio
697 2369 782 2436 aliud
805 2370 928 2436 habeat.

269 2475 351 2542 Item
381 2499 454 2540 vero
484 2477 523 2540 ad
553 2478 641 2538 actus
672 2474 815 2558 publicos
846 2475 1058 2560 processiones
1080 2497 1135 2538 seu
1158 2473 1197 2539 ad
1219 2473 1381 2540 ecclesiam

184 2581 235 2645 vel
259 2581 413 2666 templum
436 2584 492 2646 aut
513 2602 571 2665 pro
595 2581 810 2667 speciamento
833 2579 865 2644 in
883 2582 931 2646 val
947 2583 1036 2646 extra
1051 2579 1213 2645 ciuitatem
1236 2579 1383 2645 incedant

177 2708 252 2752 cum
275 2687 402 2771 capucio
418 2685 553 2752 clericuli
568 2685 636 2750 sine
658 2683 778 2750 birreto
801 2685 940 2770 exceptis
962 2683 1120 2770 religiosis
1142 2687 1175 2750 et
1200 2684 1296 2750 sacris
1319 2684 1379 2748 ini-

179 2792 281 2867 tiatis,
304 2812 437 2875 quorum
461 2790 610 2874 professio
632 2790 718 2855 aliud
741 2791 824 2875 petit
845 2795 877 2855 et
899 2789 1034 2874 requirit
1057 2789 1093 2873 [f.
1120 2791 1186 2872 27].

403 3017 450 3082 De
472 3040 536 3083 non
559 3018 732 3084 accedendo
754 3018 921 3083 turmatim
942 3015 1108 3081 Rectorem
1121 3015 1142 3080 ².

268 3192 382 3258 Visum
412 3195 459 3258 est
489 3214 705 3277 nonunquam,
730 3193 814 3277 quod
835 3191 999 3274 supposita
1030 3190 1245 3256 uniuersitatis
1274 3193 1381 3255 nostre

180 3299 349 3364 Rectorem
372 3297 588 3362 vniuersitatis
613 3319 672 3382 pro
687 3296 883 3386 effirrrdendis
901 3298 1047 3380 precibus
1068 3298 1123 3360 aut
1145 3295 1208 3359 alia
1229 3317 1267 3359 ex
1290 3317 1383 3362 causa

179 3403 348 3468 turmatim
380 3403 524 3468 accedere
554 3403 820 3487 presumpserint,
852 3401 943 3485 quasi
965 3400 1094 3466 liberius
1117 3400 1219 3485 petita
1240 3400 1382 3466 obtinere

177 3511 317 3595 poment.

269 3611 350 3688 Quis
379 3617 485 3678 tamen
507 3635 556 3678 res
579 3612 634 3677 illa
661 3613 821 3678 interdum
850 3613 915 3678 alia
937 3612 1134 3678 incommoda
1155 3612 1287 3697 gignere
1308 3635 1380 3698 pos-

180 3722 240 3796 set,
264 3718 379 3783 idcirco
401 3718 486 3783 alma
508 3721 618 3784 nostra
634 3719 823 3784 uniuersitss
837 3717 986 3782 omnibus
1008 3719 1040 3782 et
1055 3717 1192 3803 singulis
1215 3719 1380 3784 cuiuscun-

179 3845 243 3908 que
264 3823 380 3908 gradus
404 3823 572 3910 dignitatis
604 3829 660 3890 aut
681 3824 874 3890 condicionis
900 3823 1001 3908 ipsius
1024 3823 1240 3888 uniuersitatis
1263 3845 1380 3908 suppo·

177 3927 249 3992 sitis
271 3927 412 3993 districte
434 3932 466 3994 et
488 3928 547 3994 sub
570 3930 696 4015 prestiti
725 3929 897 3996 iuramenti
929 3928 1035 3994 debito
1058 3928 1266 3994 inhibendum
1287 3928 1380 3994 duxit

178 4037 213 4096 et
235 4031 367 4113 inhibet,
390 4056 431 4098 ne
453 4035 594 4100 deeetero
618 4057 804 4121 quocunque
826 4037 941 4100 euentu
964 4033 1133 4119 gregatim,
1156 4037 1190 4098 vt
1212 4031 1380 4117 prefertur,

178 4136 344 4202 Rectorem
375 4142 431 4202 ant
464 4139 531 4204 eius
559 4141 658 4208 vicem
695 4145 880 4228 gerentem,
912 4139 1023 4223 Neque
1050 4139 1146 4204 ctiam
1179 4159 1381 4224 quoscunque

177 4243 418 4310 uniuersitatem
440 4251 693 4330 representantes
715 4247 859 4314 accedere
876 4247 1070 4331 presumunt,
1094 4244 1149 4310 sed
1164 4248 1279 4310 euentu
1302 4267 1380 4330 quo·

252 4465 264 4519 l
287 4465 359 4522 nach
375 4467 402 4523 S.
422 4469 464 4533 54,
487 4469 520 4525 10
537 4467 678 4526 incedant.
750 4472 767 4526 2
785 4487 835 4529 vor
854 4469 881 4528 S.
899 4470 932 4526 57
951 4469 986 4526 da
1003 4468 1196 4526 intitulatum
