3442 5314
462 509 488 562 4.
517 505 676 578 Papstliche
694 507 776 562 Bulla
795 525 859 564 vom
881 509 920 563 13.
938 507 1010 564 Nor.
1031 509 1106 564 1476.
1253 555 1255 557 ,
1344 511 1383 576 21

182 667 236 732 uel
254 667 423 754 allegante,
446 665 513 732 Nos
536 666 763 732 nichilominus
786 665 825 731 ad
848 666 987 732 debitam
1003 667 1220 732 execucionem
1236 667 1311 734 dicti
1327 691 1385 734 no-

184 771 233 837 bis
258 773 415 838 commissi
432 773 553 860 negocii
578 773 712 837 seruatis
734 773 898 837 seruandis
915 772 1119 856 proculdubio
1134 775 1299 858 procedere
1321 799 1384 841 non

183 877 423 943 obmitteremus
445 877 621 944 OEtatorum
654 876 801 942 absencia
834 899 888 942 seu
915 875 1112 942 contumacia
1134 877 1166 941 in
1191 877 1298 962 aliquo
1320 902 1385 946 non

182 983 338 1048 obstante.
385 981 423 1047 In
447 1003 509 1068 quo
540 983 667 1068 quidem
690 980 861 1047 Oitacionis
893 983 1029 1047 termino
1052 981 1211 1048 ditacione
1233 984 1303 1070 ipsa
1324 986 1385 1052 rite

182 1093 215 1156 et
236 1089 381 1176 legitime
410 1092 539 1154 executa
560 1109 624 1152 vna
653 1109 727 1153 cum
749 1087 932 1152 executione
962 1087 1068 1151 debita
1090 1109 1108 1151 a
1131 1092 1221 1174 tergo
1244 1091 1385 1155 seriatim

182 1197 310 1274 notata,
343 1215 448 1260 coram
470 1191 562 1258 nobis
593 1214 652 1278 pro
674 1196 765 1279 parte
786 1194 954 1257 memorati
987 1192 1107 1256 domini
1131 1191 1262 1258 Comitis
1286 1194 1383 1260 Eber-

181 1299 273 1364 hardi
303 1299 431 1364 realiter
460 1298 667 1383 reproducta,
701 1301 796 1381 atque
829 1295 1006 1361 Citatorum
1036 1318 1101 1361 non
1131 1283 1384 1382 comparericium

182 1403 379 1469 contumacia
401 1407 552 1468 amusata.
598 1401 666 1468 Nos
689 1402 802 1466 merito
826 1403 949 1466 eosdem
971 1405 1066 1487 prout
1088 1402 1269 1483 debuimus,
1293 1426 1385 1491 repu-

182 1509 321 1574 tauimus
345 1513 554 1586 contumaces,
577 1505 675 1572 Nullo
698 1527 826 1591 prorsus
860 1507 937 1570 alias
961 1507 1191 1573 contradictore
1212 1515 1385 1594 apparente

182 1613 328 1698 legitimo
348 1611 400 1676 uel
422 1611 611 1697 oppositore.
658 1607 804 1674 Ceterum
829 1610 978 1693 quatinus
1000 1613 1136 1694 amplius
1163 1614 1202 1677 ad
1224 1615 1383 1680 execucio·

184 1739 258 1782 nem
279 1717 459 1782 huiusmodi
482 1713 712 1780 commissionis
735 1714 826 1778 nobis
848 1715 929 1778 litote
951 1715 1040 1780 iuxta
1054 1717 1140 1781 illius
1163 1717 1227 1781 vim
1251 1719 1384 1784 somnam

182 1826 216 1887 et
237 1826 379 1888 tenorem
402 1820 463 1886 rite
486 1820 724 1904 procederemus
747 1819 853 1883 debita
875 1841 982 1883 sumus
1005 1820 1162 1886 instancia
1183 1821 1338 1907 requisiti.

268 1925 337 1992 Nos
351 1949 469 2001 rancun
492 1923 594 1990 Judex
624 1930 656 1990 et
679 1923 920 1990 Commissarius
949 1945 1021 2009 sepe
1043 1927 1145 1992 dictus
1167 1927 1276 2013 vigore
1298 1928 1383 1993 clau·

183 2033 252 2098 sule
274 2032 452 2117 supradicte
476 2031 513 2096 de
535 2031 668 2096 veritate
683 2028 895 2095 Narratorum
918 2031 952 2094 in
975 2031 1159 2115 preinsertis
1181 2032 1283 2096 literis
1307 2056 1382 2118 apo-

183 2138 303 2204 stolicis
325 2137 538 2214 deductorum,
562 2136 683 2202 sollerti
707 2140 815 2200 nostra
836 2158 932 2220 super
953 2136 1015 2200 hiis
1032 2137 1241 2222 inquisicione
1264 2140 1382 2224 precia,

181 2241 372 2308 testimoniis
405 2241 467 2306 fide
496 2242 603 2327 dignis
634 2240 827 2306 sufficienter
857 2241 1021 2306 informati
1054 2247 1149 2327 etque
1179 2244 1297 2323 edocti,
1334 2245 1383 2309 Ad

181 2347 363 2412 huiusmodi
386 2346 477 2413 nobis
501 2347 747 2414 commissorum
780 2346 997 2413 execucicnem
1021 2351 1053 2412 et
1075 2347 1306 2432 expeditionem
1329 2349 1382 2414 de-

181 2453 265 2518 bitas
287 2451 432 2516 duximus
455 2453 684 2536 procedendum
710 2456 742 2516 et
764 2453 989 2536 processimus,
1017 2451 1256 2538 Negociumque
1277 2453 1382 2539 ipsum

185 2557 303 2623 nostris
325 2557 590 2642 pronunciaeione
620 2557 745 2622 decreto
768 2561 799 2620 et
822 2556 1034 2622 declaracione
1060 2556 1098 2622 de
1120 2555 1382 2642 Jurisperitorum

183 2661 315 2726 consilio
348 2666 380 2726 ct
411 2683 556 2739 assensu,
587 2660 620 2725 in
644 2661 770 2746 scriptis
804 2662 1045 2727 terminauimus
1066 2663 1101 2728 in
1122 2662 1207 2728 hunc
1231 2663 1286 2747 qui
1307 2662 1381 2727 sub-

181 2766 320 2854 scriptus
344 2769 392 2831 est
414 2767 551 2831 modurn.

269 2871 398 2937 Gnarum
421 2871 554 2937 Nomina
568 2895 729 2939 ruvocaro.
771 2871 855 2949 Qum
876 2873 952 2937 visis
967 2872 1198 2958 diligenterque
1220 2873 1381 2957 perpensis

180 2999 287 3043 coram
310 2975 412 3042 Nobis
444 2977 477 3040 in
511 2977 650 3061 presenti
673 2978 804 3063 negocio
828 2978 968 3044 deductis
992 2977 1202 3042 Narratorum
1231 2977 1263 3040 ia
1288 2999 1383 3062 supra

181 3082 301 3147 inserta
315 3081 542 3147 Commissione
564 3083 738 3166 apostolica
753 3085 919 3149 veritatem
935 3083 1143 3167 comperimus
1159 3082 1381 3163 indubitatam,

167 3189 295 3282 'iccirco
326 3189 365 3254 ad
398 3187 580 3253 huiusmodi
613 3189 705 3254 nobis
727 3189 787 3255 hac
809 3191 843 3255 in
868 3195 956 3275 parte
984 3189 1221 3254 commissorum
1244 3188 1382 3254 debitam

184 3293 403 3359 execucionem
424 3293 589 3358 humiliter
610 3293 777 3378 procedere
798 3296 938 3360 volentes
954 3294 1047 3359 sicuti
1063 3296 1206 3357 tenemur
1228 3294 1265 3357 de
1280 3291 1382 3358 Juris·

181 3400 357 3484 peritorum
380 3399 512 3464 consilio
534 3398 627 3463 nobis
649 3421 744 3483 super
765 3399 824 3464 hoc
840 3398 1079 3476 communicate,
1096 3399 1282 3463 auctoritate
1305 3421 1381 3483 apo·

183 3505 295 3570 stolica
326 3505 521 3569 decemimus
551 3503 746 3568 declaramus
777 3509 809 3569 et
839 3505 871 3568 in
904 3504 965 3569 hiis
990 3503 1115 3588 scriptis
1138 3505 1382 3588 pronunciamus

180 3611 216 3673 in
250 3609 355 3691 Opido
378 3609 619 3694 'l‘uwingen
654 3611 689 3674 iu
706 3612 906 3691 pretore-tis
936 3611 1042 3676 literis
1072 3609 1260 3691 apostolicis
1282 3612 1382 3676 comi·

180 3719 256 3780 arcto
273 3716 445 3796 perpetuis
466 3715 590 3796 facturis
613 3715 809 3796 temporibus
829 3717 979 3799 pecercle
1002 3716 1146 3780 studium
1168 3717 1382 3797 cuiuscunque

178 3818 346 3898 facultatis
377 3826 407 3884 ct
438 3822 573 3886 sciencie
597 3821 683 3886 licite
716 3822 800 3904 cripi
826 3827 984 3901 posse-et
1006 3819 1126 3898 dedere,
1157 3825 1250 3901 atquo
1273 3819 1382 3883 ecdem

180 3925 369 3989 auctoritate
392 3926 546 4008 criptulus
562 3929 595 3989 et
609 3925 643 3988 in
658 3924 714 3989 illo
737 3924 901 3989 cathedras
924 3945 1180 4009 quarumcunque
1194 3922 1382 3986 facultatum

181 4049 238 4093 nec
269 4049 333 4093 non
357 4027 502 4094 Rectoric
535 4033 567 4093 et
598 4029 660 4094 alia
691 4051 749 4114 pro
781 4028 866 4094 illius
889 4050 1038 4116 prospero
1068 4032 1100 4093 et
1122 4028 1206 4092 felici
1227 4015 1382 4111 regimine

182 4130 353 4197 necessaria
375 4132 478 4198 officia
501 4135 716 4213 instituimus,
746 4157 782 4200 ac
804 4136 1048 4200 constituciones
1071 4138 1104 4199 et
1126 4135 1246 4199 statuta
1267 4133 1379 4197 melius

182 4237 250 4302 visa
271 4237 417 4322 expedire
438 4239 557 4304 edenda
580 4262 647 4305 esse
670 4241 875 4306 decernimus.

267 4339 421 4408 Ecclesiae
438 4344 571 4430 denique
582 4345 792 4431 parrochiales
805 4345 835 4411 S.
851 4345 1006 4412 Johannis
1018 4345 1163 4429 Baptiste
1175 4343 1208 4406 in
1220 4341 1380 4406 Bracken·

184 4447 269 4528 hain,
296 4447 348 4514 SS.
366 4448 507 4535 Philippi
531 4455 563 4516 et
586 4449 697 4517 Jacobi
721 4452 753 4516 in
769 4451 893 4518 Stetten
916 4447 1160 4516 Wormaciensis
1182 4469 1218 4512 ac
1239 4448 1272 4510 in
1296 4446 1381 4511 Asch

188 4576 246 4622 nec
269 4575 331 4621 non
356 4553 541 4642 Ringingen
564 4557 653 4622 etin
674 4557 822 4644 Eningen
847 4556 1100 4624 Constancicnsis
1130 4555 1286 4620 diocesum
1309 4574 1381 4617 cum
