3462 5320
659 489 903 547 manationes.
981 483 983 490 ’
1320 496 1384 563 255

181 651 263 718 bunt
284 650 346 717 duo
368 650 517 738 Magistri
538 651 668 717 alterius
689 653 749 730 uie,
771 653 837 718 solo
864 674 901 718 ea
923 651 983 731 die,
1006 673 1069 736 qua
1089 653 1118 718 is
1141 652 1190 718 oui
1210 654 1385 740 resumptio

180 778 237 842 pro
269 761 345 822 tuno
373 757 531 822 incumbit
560 757 641 844 legit
662 757 838 835 ordinarie,
868 757 961 822 simul
995 757 1091 822 etiam
1123 758 1386 844 quadragesimali

178 867 320 948 tempore
351 863 506 946 exeeptis,
536 867 749 948 poteruntque
773 862 920 949 Magistri
951 863 1130 928 huiusmodi
1153 864 1384 948 resumptiones

179 968 265 1032 domi
295 969 343 1032 rel
374 969 408 1032 in
439 967 556 1033 scholis
588 969 722 1053 publicis
736 969 913 1054 perlicere,
946 969 1029 1053 quod
1058 991 1166 1036 eorum
1196 969 1330 1036 arbitrio
1353 973 1385 1036 et
1456 1051 1457 1054 Ἴ

181 1073 381 1160 beneplacito
403 1075 645 1160 relinquendum
664 1076 820 1140 duximus.
861 1075 941 1141 Item
963 1075 1025 1139 duo
1042 1073 1188 1159 Magistri
1211 1075 1303 1140 unius
1325 1075 1385 1154 vie,

180 1182 286 1266 quoad·
314 1181 544 1266 resumptiones
575 1203 631 1266 per
660 1204 693 1246 ae
723 1181 929 1266 perficiendas
961 1180 1069 1245 taliter
1098 1178 1183 1244 inter
1213 1202 1246 1245 se
1269 1200 1383 1248 conue-

178 1287 271 1352 niant
292 1291 324 1352 et
345 1288 514 1352 conuenire
537 1288 661 1365 debent,
686 1287 769 1372 quod
792 1310 872 1352 vaus
899 1309 937 1352 ex
966 1287 1043 1372 ipsis
1065 1308 1122 1371 per
1137 1286 1304 1352 dimidium
1326 1309 1385 1352 an-

184 1414 260 1457 num
276 1391 490 1477 supradictam
505 1393 648 1476 perficiat
662 1393 921 1478 resumptionem,
938 1394 1020 1457 alter
1035 1395 1140 1456 autem
1156 1413 1212 1477 per
1226 1391 1383 1475 reliquum

182 1495 349 1562 dimidium
364 1519 493 1575 annum,
510 1497 559 1561 vel
576 1497 707 1562 alternis
723 1497 863 1582 angariis
875 1495 1056 1561 huiusmodi
1070 1500 1214 1581 tempora
1228 1496 1385 1581 equaliter

180 1601 359 1680 diuidendo,
382 1602 553 1667 secundum
569 1603 652 1687 qnod
667 1603 746 1686 ipsis
766 1603 869 1688 magis
885 1601 1052 1686 expediens
1068 1602 1171 1666 visum
1190 1623 1257 1666 esse
1277 1601 1383 1679 fuerit,

182 1708 351 1772 dummodo
363 1728 563 1792 nequaquam
579 1707 744 1772 alternatis
767 1705 877 1772 diebus
889 1709 944 1771 aut
958 1707 1120 1772 mensibus
1135 1706 1223 1771 illam
1240 1705 1387 1791 perficere

184 1812 384 1878 contendant.
439 1812 623 1897 Poteritque
652 1815 831 1897 resumptor
861 1833 919 1896 pro
953 1815 1095 1896 tempore
1116 1812 1167 1876 uie
1188 1832 1243 1876 sue
1266 1810 1385 1875 socium

189 1919 390 1996 substituere,
414 1918 441 1982 si
464 1940 497 1982 se
519 1939 557 1982 ex
573 1917 681 2003 aliqua
694 1940 788 1982 causa
811 1919 981 2003 ingruente
996 1918 1163 1982 absentare
1176 1916 1227 1980 rel
1242 1915 1282 1980 ad
1303 1919 1384 1980 tem·

183 2045 244 2108 pus
274 2023 432 2088 modicum
465 2023 618 2088 infirmari
648 2024 864 2109 contingeret,
898 2044 993 2106 quem
1022 2023 1049 2087 si
1084 2021 1199 2088 habere
1228 2020 1382 2104 nequiret,

182 2129 312 2194 eandem
337 2149 432 2212 quam
453 2129 595 2215 neglexit
611 2129 673 2194 alio
689 2131 830 2213 tempore
845 2130 993 2213 supplere
1006 2128 1112 2192 valeat
1126 2125 1382 2210 resumptionem.

236 2265 238 2270 .
267 2233 350 2298 Item
364 2234 392 2298 si
407 2233 501 2299 alicui
513 2233 739 2319 Magistrorum
755 2232 983 2298 resumentium
998 2233 1153 2317 placuerit
1168 2231 1218 2296 vel
1234 2230 1319 2295 domi
1334 2230 1383 2294 vel

183 2338 218 2400 in
240 2337 377 2422 publicis
399 2337 491 2403 scolis
514 2339 799 2403 extraordinariam
830 2338 864 2402 in
886 2337 1049 2422 theologia
1072 2359 1129 2402 sua
1152 2339 1264 2422 sponte
1287 2337 1320 2399 et
1341 2333 1383 2399 ob
1474 2393 1478 2400 .

181 2443 367 2508 exercicium
401 2443 592 2509 scholarium
615 2448 721 2510 tenere
752 2442 1016 2528 disputationem,
1046 2442 1074 2506 is
1105 2445 1194 2506 atot
1216 2441 1381 2504 censeatur

181 2549 333 2614 liberatus
348 2549 626 2632 resumptionibns,
648 2571 704 2634 per
720 2551 798 2633 quot
813 2549 906 2614 horas
922 2547 1102 2612 huiusmodi
1119 2545 1256 2612 tenuerit
1271 2544 1379 2629 dispu-

178 2655 344 2720 tationem.
369 2653 462 2718 Hano
472 2657 577 2719 autem
593 2655 980 2720 extraordinariam
994 2654 1100 2719 uocari
1116 2653 1259 2718 volumus
1275 2649 1385 2735 dispu-

183 2759 349 2837 tationem,
372 2759 412 2824 ad
434 2781 529 2844 quarn
551 2762 720 2826 tenendam
736 2761 885 2847 Magistri
899 2759 1059 2846 theologie
1075 2778 1138 2823 non
1160 2756 1383 2841 astringuntur

183 2863 443 2929 exordinatione
475 2865 629 2950 principis
662 2867 764 2932 nostri
794 2867 923 2952 patroni
953 2866 1035 2931 bone
1058 2863 1223 2940 memorie,
1258 2861 1292 2925 in
1323 2881 1386 2943 qua

183 2969 318 3053 denique
339 2969 494 3055 Magister
517 2971 584 3056 ipse
606 2994 671 3037 non
693 2971 841 3056 presidet,
868 2973 922 3036 sed
945 2975 1073 3036 tantum
1095 2969 1221 3046 assidet,
1245 2963 1385 3049 dirigens

181 3073 350 3160 arguentes
379 3079 411 3140 et
432 3077 694 3159 respondentem,
728 3077 914 3161 soolasque²
939 3078 973 3141 in
1006 3073 1165 3141 soluendis
1189 3068 1385 3156 argumentis

182 3179 335 3244 informat
357 3201 416 3245 neo
437 3181 504 3266 ipse
526 3182 616 3265 quasi
639 3203 696 3266 per
717 3180 828 3246 horam
860 3185 895 3244 vt
917 3180 995 3245 alias
1025 3182 1173 3244 consueta
1194 3173 1386 3240 solennitate

182 3284 423 3367 respondentem
446 3286 615 3372 impugnat
636 3291 692 3351 aut
714 3286 883 3366 examinat,
908 3286 959 3350 cui
981 3284 1077 3349 etiam
1108 3281 1204 3346 ceteri
1225 3277 1387 3363 theologie

181 3387 331 3475 Magistri
353 3389 506 3456 interesse
528 3414 593 3457 non
615 3395 775 3471 tenentur,
803 3391 866 3455 nisi
881 3390 1049 3468 voluerint,
1073 3385 1264 3471 respondens
1287 3383 1385 3449 eciam

183 3495 251 3578 ipsc
272 3515 336 3560 non
360 3498 410 3560 tot
433 3498 665 3575 conclusiones,
698 3503 732 3562 vt
754 3498 787 3562 in
810 3496 978 3561 ordinariis
1001 3494 1069 3558 fieri
1092 3492 1172 3556 solet
1195 3488 1384 3575 disputatio·

187 3598 291 3676 nibus,
315 3601 408 3684 ponit
431 3623 489 3666 neo
513 3603 670 3686 prolixam
687 3603 925 3668 conclusionum
941 3597 1236 3664 determinationem
1250 3593 1385 3671 deducit,

185 3703 240 3768 sed
262 3704 404 3788 pauculis
427 3706 539 3790 positis
563 3707 817 3772 conclusionibus
840 3707 949 3772 statim
965 3705 999 3768 in
1021 3724 1134 3768 manns
1157 3698 1386 3785 opponentium

185 3813 218 3874 et
240 3810 508 3897 interrogantium
531 3813 732 3898 relinquitur,
755 3813 789 3878 in
814 3811 930 3897 quibus
953 3809 1095 3896 prolecto
1119 3803 1386 3890 disputationibus

183 3915 389 3982 animosiores
405 3919 499 3983 nati²
520 3925 596 3984 sunt
610 3941 678 3986 esee
694 3921 861 4005 arguentes
876 3917 971 3983 simul
987 3919 1018 3980 et
1033 3912 1267 3999 respondentes,
1291 3931 1385 3991 quam

184 4019 219 4084 in
242 4021 452 4104 plurimorum
467 4027 636 4108 presentia.
672 4025 803 4102 Quodsi
826 4025 920 4090 alicui
936 4022 1163 4108 Magistrorum
1186 4017 1307 4103 placeat
1329 4037 1387 4100 pc-

182 4125 247 4190 tius
276 4128 415 4211 aliquam
445 4133 607 4198 solennem
640 4137 672 4197 et
704 4131 897 4198 ordinariam
927 4133 1035 4194 tenere
1059 4122 1322 4209 disputationem,
1347 4121 1386 4184 ad

184 4253 280 4316 quam
302 4237 409 4298 tamen
432 4256 496 4302 non
519 4239 561 4303 sit
583 4261 621 4304 ex
644 4238 843 4304 ordinatione
866 4236 1032 4311 astrictus,
1064 4231 1161 4296 etiam
1193 4228 1230 4293 de
1252 4226 1310 4290 illa
1330 4247 1386 4290 ro-

186 4339 292 4403 lumus
314 4342 346 4402 et
367 4340 559 4421 ordinamus,
582 4347 617 4406 vt
640 4342 680 4407 ob
704 4363 772 4407 eam
796 4340 948 4426 magister
971 4336 1038 4420 ipse
1059 4359 1077 4400 a
1098 4337 1148 4400 tot
1169 4333 1322 4398 liberetur
1336 4352 1386 4396 re·

256 4566 269 4619 1
290 4566 474 4638 scolaresque.
546 4570 563 4625 2
580 4569 646 4625 rati.
