3464 5318
454 431 497 486 20.
515 429 593 488 Neue
612 428 766 486 Rodaction
783 426 833 486 der
851 426 984 484 Statuten
1003 427 1078 484 1500.
1303 426 1363 494 107

160 593 256 656 tenus
279 589 414 656 nimium
444 589 581 656 lasciuus
612 592 646 654 et
668 587 840 654 dissolutus
871 585 1030 650 uideretur
1052 607 1161 650 eorum
1182 585 1309 650 habitus
1332 589 1365 651 et

159 695 257 760 simul
279 696 428 774 incessus,
451 694 508 760 sed
530 693 722 760 honestioris
746 692 935 758 conditionis
966 690 1149 757 hominibus
1172 690 1363 756 conueniens

158 802 194 864 et
214 821 280 866 non
301 800 455 866 vilissimo
477 799 590 884 cuique
611 798 743 864 satelliti
766 798 888 862 similis.

247 903 286 970 Iu
309 927 372 990 quo
394 904 568 970 ordinando
592 908 723 970 utantur
745 902 933 968 discretione
947 900 1112 984 mediaque
1135 900 1195 977 via,
1220 923 1286 966 non
1308 901 1362 968 de-

161 1009 316 1076 clinantes
339 1010 378 1076 ad
401 1013 550 1087 extrema,
574 1008 716 1074 faciendo
738 1008 834 1076 etiam
858 1006 1025 1072 discrimen
1049 1007 1133 1071 inter
1156 1004 1332 1072 facultates.

247 1114 364 1180 Ferant
392 1119 498 1182 autem
532 1115 566 1178 in
601 1114 727 1199 publico
749 1135 815 1178 non
838 1133 970 1178 renones
996 1112 1064 1178 siue
1086 1111 1239 1178 interulas
1262 1107 1363 1176 instar

161 1219 258 1283 vestis
291 1219 331 1285 ad
353 1219 558 1305 equitandum
580 1223 635 1284 aut
658 1219 719 1283 iter
742 1217 919 1284 faciendum
943 1220 1072 1302 parate,
1103 1215 1155 1280 sed
1178 1215 1364 1281 indumenta

160 1323 396 1389 scolasticorum
420 1323 578 1389 honestati
609 1345 767 1410 congrua,
797 1345 861 1388 non
884 1321 1021 1408 scapulis
1043 1319 1214 1406 pendentia
1235 1320 1290 1386 sed
1311 1319 1362 1385 in·

159 1428 247 1494 duta
292 1427 419 1494 Jurium
442 1433 549 1493 tamen
571 1429 743 1494 scolaribus
760 1428 926 1514 presertim
948 1426 1111 1492 nobilibus
1134 1431 1167 1490 et
1189 1424 1362 1492 medicina-

161 1555 235 1596 rum
257 1532 453 1598 auditoribus
481 1534 614 1599 manicis
637 1534 726 1599 indui
748 1534 798 1599 vel
820 1554 884 1597 non
907 1531 1043 1597 liberum
1065 1531 1124 1610 sit,
1158 1531 1233 1596 dum
1254 1533 1362 1596 tamen

166 1657 232 1702 non
255 1638 370 1704 librata
391 1637 560 1704 discissaue
582 1639 624 1703 sit
647 1639 771 1724 diplois.
816 1638 964 1724 Magistri
990 1642 1095 1702 autem
1118 1637 1234 1704 artium
1256 1637 1291 1702 in
1313 1635 1362 1701 ot·

162 1741 243 1806 ficiis
266 1741 433 1806 constituti
455 1746 487 1808 et
510 1743 565 1827 qui
580 1743 683 1808 iurato
705 1765 880 1829 pauperum
902 1742 1059 1828 stipendio
1075 1743 1214 1820 aluntur,
1238 1761 1362 1808 omnes·

161 1867 224 1930 que
245 1846 405 1933 theologie
427 1851 459 1912 ct
480 1847 683 1933 philosophie
706 1849 863 1916 auditores
887 1869 950 1913 non
966 1847 1027 1912 nisi
1049 1847 1216 1912 indutis
1239 1846 1361 1912 mani·

162 1950 226 2016 cis
250 1951 407 2031 incedant,
433 1951 644 2037 cuiuscunque
666 1957 767 2020 status
790 1955 846 2018 aut
868 1952 1058 2019 conditionis
1083 1951 1212 2018 fuerint.

247 2054 364 2120 Omnes
390 2077 464 2122 vero
496 2057 531 2121 in
554 2059 734 2124 uniuersum
770 2082 789 2124 a
821 2058 1062 2124 versicoloribus
1090 2063 1123 2124 et
1145 2055 1290 2124 abscissis
1313 2055 1362 2121 rel

162 2159 302 2225 discissis
336 2162 449 2248 caligis
480 2163 677 2241 abstineant,
711 2164 805 2230 liceat
834 2167 942 2228 tamen
973 2185 1067 2247 super
1096 2161 1230 2248 genibus
1257 2161 1362 2248 gratia

160 2266 383 2332 commodioris
415 2267 554 2332 incessus
584 2291 679 2334 snam
709 2273 836 2334 tantum
866 2269 1033 2333 scissuram
1064 2268 1175 2332 facere.
1227 2265 1260 2330 Si
1290 2265 1360 2348 quis

157 2391 266 2434 ensem
289 2374 345 2435 aut
366 2374 489 2455 spatam
513 2373 706 2438 defensionis
728 2395 822 2438 causa
843 2373 963 2438 deferre
985 2372 1079 2450 velit,
1103 2372 1136 2437 id
1158 2371 1257 2436 cuivis
1281 2391 1360 2454 quo-

157 2495 221 2558 que
243 2475 468 2559 permittatur,
501 2477 593 2542 modo
625 2479 708 2543 ensis
738 2479 782 2542 sit
808 2477 974 2543 mediocris
1006 2476 1217 2562 longitudinis
1239 2478 1272 2539 et
1294 2496 1358 2540 non

155 2577 317 2644 deferatur
338 2599 426 2644 more
448 2580 581 2646 militari
603 2587 658 2647 aut
681 2573 856 2648 satellitum
885 2585 970 2648 retro
994 2585 1142 2648 extensus
1171 2581 1207 2667 [f.
1232 2586 1273 2648 bb
1296 2580 1361 2647 und

156 2682 367 2748 widcrholtf.
393 2685 459 2768 93].

228 2872 308 2930 Diese
328 2874 462 2930 Statuten
480 2877 640 2942 verrathen,
659 2895 698 2934 an
715 2879 840 2934 welchen
856 2879 1016 2936 Gebrechen
1033 2879 1078 2936 die
1096 2878 1270 2936 Universitat
1287 2875 1362 2930 heinr
1442 2904 1444 2912 =

158 2961 293 3016 Anbruch
308 2962 387 3032 jenes
407 2963 613 3020 Jahrhunderts
639 2984 685 3020 am
710 2966 828 3022 meister
846 2968 902 3022 litt.
938 2967 1055 3022 Manche
1073 2967 1122 3022 der
1139 2966 1250 3036 Klagen
1267 2962 1362 3018 ziehen

153 3049 214 3103 sich
233 3048 275 3103 bis
292 3050 543 3108 auribelormaticn
560 3053 625 3117 fort,
645 3053 697 3108 wie
715 3073 737 3109 z.
751 3055 780 3107 B.
801 3072 851 3110 aus
870 3055 924 3111 den
937 3055 1092 3111 Nummern
1105 3057 1147 3110 31.
1161 3055 1202 3108 32.
1222 3053 1256 3108 36
1274 3053 1362 3105 unten

153 3137 267 3192 erhellt.
302 3137 454 3194 DieSitten
472 3139 522 3194 der
540 3139 706 3204 studentem
726 3139 771 3196 die
785 3141 842 3195 sich
854 3159 910 3197 von
927 3142 976 3198 der
995 3143 1141 3198 clericalen
1160 3140 1297 3208 Ordnung
1313 3137 1363 3191 der

152 3223 416 3281 mittelalterlichen
427 3225 602 3283 Universitat
619 3229 699 3283 mehr
719 3230 776 3283 und
797 3230 876 3286 mehr
896 3231 1062 3294 loamachen
1082 3229 1193 3284 werden
1204 3227 1282 3282 nicht
1300 3226 1361 3282 hlos

153 3311 288 3376 weltlich,
309 3311 429 3369 sondern
448 3314 624 3370 verwildern.
660 3315 716 3370 Der
728 3315 800 3372 Adel
818 3317 856 3372 ist
871 3320 955 3374 unter
972 3318 1058 3373 ihnen
1075 3317 1175 3372 immer
1192 3313 1362 3370 zahlreichcr

154 3402 300 3456 wertreten
324 3401 381 3456 und
406 3402 504 3472 bringt
522 3402 600 3457 nicht
619 3403 787 3466 ritterlichc‚
815 3406 934 3462 sondern
959 3405 1025 3460 cher
1043 3401 1252 3459 Landsknechts
1270 3401 1362 3456 Sitten

153 3487 209 3542 mit
228 3487 286 3542 und
305 3489 401 3544 macht
419 3489 482 3544 dem
501 3489 614 3544 Gericht
633 3491 680 3546 der
701 3491 877 3548 Universittt
902 3493 973 3548 viele
990 3491 1076 3548 Noth.
1118 3489 1169 3544 Die
1187 3487 1362 3543 Kleiderord·

155 3590 286 3644 mugen,
311 3575 363 3629 auf
385 3575 487 3630 welche
512 3594 579 3631 man
597 3576 677 3632 einen
698 3579 869 3635 besonderen
887 3579 988 3635 Werth
1013 3580 1084 3650 legt,
1115 3577 1244 3630 fruchtcn
1262 3573 1361 3640 ments,

155 3662 216 3717 und
235 3661 280 3717 die
297 3663 480 3734 Grundlagen
505 3665 552 3720 des
572 3665 749 3722 Unterrichts
776 3669 923 3734 zerfallen‚
950 3667 1045 3722 indem
1072 3665 1121 3719 der
1139 3663 1295 3734 Gegensata
1312 3663 1362 3718 der

154 3749 225 3804 awei
243 3749 331 3819 Wege
349 3750 398 3805 der
416 3751 560 3808 Realisten
578 3755 636 3808 und
654 3756 803 3812 Modernen
824 3775 872 3811 aur
890 3755 1077 3812 'arraserlichen
1089 3752 1266 3808 Parteisache
1282 3751 1361 3805 wird.

154 3837 209 3892 Die
220 3837 326 3893 Bursen
344 3839 446 3894 unchen
463 3839 520 3894 sich
540 3841 584 3898 die
602 3842 789 3898 anaieheudsn
802 3843 978 3915 gegenseitig
995 3843 1193 3910 abauspannen
1211 3839 1269 3894 und
1286 3855 1361 3892 awar

153 3923 209 3978 mit
228 3923 350 3988 Mittam,
369 3943 460 3997 gegen
480 3929 582 3984 welche
601 3929 646 3986 die
665 3930 841 3988 Univeraittt
859 3936 972 4004 strenge
984 3929 1097 3986 Stralen
1115 3927 1259 3983 androhen
1277 3943 1360 3980 muse.
