3442 5314
458 477 484 530 4.
511 475 676 548 Ptpetliohe
694 476 777 532 Bulle
795 493 859 532 vom
880 479 920 532 13.
940 475 1010 534 Nor.
1032 478 1108 532 1476.
1343 479 1383 543 15

176 635 292 701 futuris
323 635 519 718 temporibus
551 635 700 718 generale
731 632 877 698 Studium
916 634 1130 718 cuiuscunque
1160 635 1321 699 facultatis
1354 635 1387 698 et

176 741 309 805 sciencie
332 740 418 804 licite
439 740 633 804 auctoritate
648 744 758 805 nostra
775 740 918 823 erigatis,
943 743 975 803 et
989 739 1022 803 in
1046 740 1102 805 illo
1115 739 1285 804 Cathedras
1309 761 1386 822 qua·

162 867 372 928 ramosaque
392 843 604 924 incohatum,
635 867 778 910 necnon
800 844 947 908 Rectoric
977 849 1008 910 et
1032 846 1095 910 alia
1124 867 1182 930 pro
1204 845 1290 910 illios
1313 865 1386 928 pro·

176 973 269 1037 spero
291 955 324 1016 et
347 951 431 1015 felici
454 951 613 1034 regimine
644 951 820 1016 necessaria
850 949 955 1014 officia
977 950 1062 1014 dicta
1084 949 1272 1014 auctoritate
1294 948 1387 1011 insti·

176 1057 284 1132 tontis,
307 1060 340 1120 et
362 1077 423 1139 que
444 1059 616 1140 propterea
637 1055 732 1120 utilia
753 1058 785 1119 et
807 1058 967 1138 oportuna
982 1053 1050 1118 fore
1065 1054 1287 1139 cognoueritis‚
1311 1075 1386 1118 con·

176 1161 361 1226 stitutionos
392 1166 424 1224 et
446 1164 571 1224 statuta
592 1160 699 1224 eadem
722 1159 911 1224 auctoritate
934 1158 1104 1235 ordinetis,
1139 1181 1264 1224 necnon
1287 1159 1387 1222 dictas

178 1265 374 1350 parochiales
396 1264 552 1343 ecclesias,
577 1287 708 1349 quarum
725 1263 867 1328 omnium
889 1263 1010 1328 fructus
1033 1263 1173 1328 redditus
1197 1268 1229 1328 et
1251 1284 1386 1348 prouen-

177 1375 229 1434 tus
253 1369 499 1454 Quinquaginta
530 1369 664 1433 duarum
687 1369 867 1434 Marcarum
898 1369 1023 1454 argenti
1052 1369 1223 1434 seeundum
1246 1389 1384 1432 eommu-

178 1499 251 1540 uem
273 1476 510 1540 estimacionem
534 1475 674 1540 valorem
698 1495 857 1550 annuum,
881 1478 918 1538 ut
940 1475 1107 1551 asseritur,
1132 1495 1196 1538 uon
1220 1473 1384 1549 excedunt,

179 1581 352 1646 Reseruma
375 1587 484 1644 tamen
508 1600 649 1664 congrua
675 1578 823 1662 porcione
854 1599 911 1662 pro
934 1578 1094 1662 perpetuis
1116 1577 1241 1642 vicariis
1264 1576 1298 1640 in
1322 1576 1386 1642 illis

179 1687 219 1751 ad
240 1686 511 1770 prasentacionem
546 1684 764 1748 uniuersitatis
787 1683 865 1746 dicti
887 1681 990 1748 Stadii
1014 1681 1234 1759 instituendis,
1265 1681 1302 1746 do
1326 1702 1388 1764 qua

179 1813 213 1856 aa
242 1795 441 1866 sustentare,
474 1789 680 1872 Episcopalia
709 1789 778 1852 iura
808 1788 929 1852 soluere
958 1793 990 1852 εὴ
1020 1787 1082 1851 alia
1104 1788 1148 1851 eis
1170 1785 1388 1850 incumbencia

180 1919 277 1962 onera
298 1897 437 1980 perferre
453 1895 618 1980 commode
641 1895 774 1977 possint,
798 1893 898 1958 eidem
921 1893 1051 1956 mense¹
1078 1891 1293 1954 vuiuersitatis
1315 1913 1387 1974 pre·

180 2002 275 2082 dicte,
298 2002 344 2064 ita
369 2000 452 2084 quod
469 1999 655 2063 cedentibus
676 1999 729 2062 uel
751 1998 971 2063 decedentibus
994 1998 1135 2080 ipsarum
1160 1995 1388 2079 parochialium

180 2105 380 2170 ecclesiarum
410 2104 603 2169 Rectoribua
635 2125 689 2168 seu
720 2104 798 2167 alias
828 2101 1025 2186 parochiales
1056 2101 1200 2167 eeclesias
1230 2101 1387 2184 predictas

183 2209 419 2293 quomodolibet
450 2207 702 2285 dimittentibus,
732 2209 824 2272 liceat
847 2213 962 2272 extunc
985 2207 1085 2271 eidem
1109 2206 1309 2270 uniuersitati
1331 2227 1388 2289 per

181 2336 214 2379 se
236 2315 287 2378 uel
310 2313 408 2377 alium
439 2334 495 2377 seu
526 2313 605 2376 alios
636 2314 833 2396 corporalem
864 2311 1093 2395 parochialium
1115 2311 1314 2376 ecclesiarum
1338 2310 1387 2374 iu·

181 2421 327 2502 riumque
339 2422 370 2482 et
381 2417 649 2501 pertinenciarum
668 2417 880 2500 predictorum
896 2417 1124 2500 possessionem
1140 2414 1269 2501 propria
1279 2418 1386 2478 aucto·

185 2525 281 2590 ritate
296 2523 395 2588 libere
410 2521 653 2607 apprehendere,
669 2525 701 2585 et
717 2521 755 2586 de
770 2521 847 2604 [sic]
864 2521 1034 2584 earundem
1049 2520 1275 2604 parochialium
1291 2519 1386 2584 eccle·

181 2629 302 2693 siarum
324 2629 446 2692 fructus
469 2627 611 2690 redditus
633 2629 665 2690 et
687 2631 860 2710 prouentus
888 2625 923 2689 in
946 2625 1023 2690 dicti
1045 2625 1149 2690 studii
1173 2645 1246 2689 usus
1269 2628 1301 2688 et
1325 2625 1386 2688 vti·

181 2735 306 2798 litatem
328 2755 364 2798 ac
387 2733 468 2796 inibi
493 2732 668 2816 legentium
690 2732 852 2796 doctorum
876 2732 991 2796 salaria
1013 2735 1195 2795 conuertere
1220 2733 1251 2794 et
1272 2749 1385 2812 perpe-

181 2843 237 2903 tuo
258 2838 403 2915 retinere,
428 2837 585 2900 diocesani
609 2836 667 2900 loci
692 2840 724 2900 at
741 2836 880 2901 cuiusuis
903 2836 1033 2900 alterius
1055 2834 1187 2898 licencia
1208 2856 1302 2917 super
1325 2833 1385 2898 hoc

182 2944 312 3008 minime
334 2942 505 3025 requisita,
537 2940 661 3025 prefata
684 2941 869 3005 anctoritate
901 2940 1020 3005 uniatis
1042 2939 1250 3024 incorporatis
1273 2941 1305 3001 et
1327 2959 1384 3002 an·

182 3048 325 3113 nectutis.
375 3045 450 3110 ‚Nec
480 3069 544 3110 non
576 3047 654 3110 duos
677 3045 888 3110 Canonicatus
920 3050 952 3110 ct
982 3045 1114 3110 totidem
1145 3043 1320 3129 prebendas
1351 3041 1384 3107 in

65 3199 68 3204 Δ
183 3153 267 3218 dicta
289 3152 418 3216 ecclesia
440 3151 469 3216 S.
497 3151 624 3235 Georgii
655 3151 761 3214 eadem
785 3150 973 3214 auctoritate
995 3149 1202 3234 supprimatis
1226 3152 1258 3212 et
1279 3148 1383 3212 extin-

182 3258 296 3342 guatis‚
320 3279 356 3321 oc
378 3256 495 3320 ibidem
510 3255 651 3330 Quatuor
667 3255 746 3319 alios
763 3253 973 3318 Canonicatus
997 3258 1030 3318 et
1051 3257 1186 3337 quatuor
1208 3253 1382 3336 prebendas

184 3363 220 3426 dc
243 3383 325 3426 nouo
346 3362 486 3446 erigatis,
511 3367 542 3424 et
565 3383 621 3445 pro
638 3362 767 3426 illorum
783 3361 828 3424 sic
843 3360 1064 3444 erigendarum
1080 3359 1153 3422 dote
1167 3358 1290 3422 fructus
1312 3356 1384 3420 red-

183 3469 269 3532 ditus
299 3471 332 3531 ct
366 3470 541 3551 prouentus
573 3467 731 3531 dictorum
753 3465 1050 3550 supprimendorum
1074 3461 1323 3527 Canonicatuum
1353 3471 1385 3525 et

183 3573 412 3657 prebendarum
435 3572 526 3654 equis
549 3571 751 3655 porcionibus
777 3571 942 3656 applicetis
964 3574 996 3633 ot
1018 3567 1197 3653 assignetis.

268 3677 319 3742 Sic
336 3679 418 3761 quod
434 3678 472 3742 ad
486 3677 696 3742 canonicatus
711 3681 743 3740 et
758 3676 932 3761 prebendas
952 3673 1119 3758 predictos,
1143 3672 1292 3757 quociens
1316 3671 1387 3736 illos

185 3784 345 3867 perpetuis
367 3782 485 3847 suturis
500 3783 698 3866 temporibus
721 3804 831 3846 vacare
853 3781 1023 3865 contigerit
1038 3779 1183 3842 videlicet
1198 3777 1238 3842 ad
1253 3781 1388 3860 quatuor

78 3907 84 3916 ·
182 3891 219 3953 de
248 3911 331 3954 nouo
362 3887 526 3972 erigendos
549 3887 690 3962 Quatuor
714 3886 863 3971 Magistri
893 3883 1093 3960 inertibus,
1126 3882 1181 3965 qui
1212 3881 1244 3944 in
1268 3881 1385 3946 eisdem

182 3995 303 4059 artibus
325 3997 397 4058 actu
419 3993 528 4078 legant
551 3997 583 4056 et
606 3997 729 4076 regant,
759 3993 798 4056 ad
822 3991 901 4055 alios
930 4011 1002 4054 vero
1026 3985 1236 4052 Canonicotus
1258 3990 1292 4050 et
1314 4007 1386 4070 pre-

182 4098 299 4164 bendas
321 4099 478 4182 predictos
499 4099 554 4163 alii
576 4099 638 4162 viri
660 4097 872 4173 ecclesiastici,
897 4097 981 4160 docti
996 4099 1028 4159 et
1041 4093 1156 4176 ydonei
1175 4092 1215 4156 ad
1233 4092 1386 4178 regendus

184 4205 286 4268 decem
310 4225 347 4266 ex
371 4202 550 4267 huiusmodi
567 4201 731 4266 Gathedris
754 4203 787 4266 in
812 4200 920 4265 eodem
935 4199 1045 4264 Studio
1068 4201 1219 4282 perpetuo
1242 4220 1298 4281 per
1322 4198 1387 4262 dic-

183 4313 252 4373 turn
275 4306 429 4372 Comitem
453 4308 486 4372 iu
510 4306 755 4392 Werttemberg‚
780 4309 812 4370 et
833 4306 970 4369 eiusdem
983 4303 1114 4369 Comitis
1138 4323 1329 4368 successores
1352 4303 1386 4368 in

187 4463 341 4472 -.-—---..-—
345 4463 386 4468 ---

256 4533 346 4588 lavo.
376 4532 566 4598 Eiokommen,
586 4532 754 4602 Vermdgeu.
