3504 5322
325 467 388 533 412
872 463 974 519 Buram

324 627 384 691 ribi
415 628 504 692 datas
538 649 556 690 a
586 626 831 692 conuentoribus
863 624 946 689 cirea
975 647 1048 691 suos
1079 626 1206 689 seruent
1231 645 1287 708 per
1314 624 1526 690 iuramentum

323 737 417 817 atque
451 732 586 818 singulis
619 731 805 816 septimanis
848 731 880 794 in
922 731 1082 813 presentia
1117 733 1346 794 conuentorum
1378 730 1528 814 legantur

323 837 447 923 publice
477 839 584 902 omnia
612 838 759 921 specialia
791 837 825 900 in
859 835 954 899 bursa
986 858 1041 921 per
1064 836 1293 913 iuramentum,
1324 857 1383 918 que
1406 835 1468 920 ipsi
1492 859 1528 900 ac

322 941 434 1006 famuli
457 965 564 1007 eorum
586 942 766 1007 bursalibus
789 944 950 1006 transacta
973 941 1151 1024 septimana
1166 939 1438 1024 dispensaueruut‚
1462 960 1527 1004 non

321 1047 423 1152 solum
447 1047 486 1110 ad
508 1047 705 1111 credcnciam
728 1047 781 1110 sed
805 1046 901 1110 etiam
934 1067 990 1128 pro
1013 1045 1163 1128 peccunia
1184 1048 1350 1129 prompta,
1386 1047 1420 1108 vt
1451 1065 1525 1109 con-

322 1156 467 1216 uentores
491 1152 623 1236 predicti
654 1152 762 1215 audire
783 1151 912 1214 valeant
936 1155 968 1214 et
989 1150 1077 1229 seire,
1102 1171 1141 1214 an
1165 1151 1250 1234 leges
1274 1149 1346 1214 date
1367 1149 1527 1234 preposito

322 1260 353 1320 et
376 1257 526 1340 pincerne
548 1256 630 1320 circa
652 1277 724 1322 suos
746 1263 820 1320 sunt
842 1260 972 1320 servate.

411 1362 492 1426 Item
522 1363 618 1426 etiam
649 1385 757 1428 omnes
789 1367 821 1427 et
852 1362 971 1447 singuli
1003 1362 1058 1426 alii
1088 1363 1126 1426 de
1158 1360 1363 1425 rniuersitate
1387 1360 1526 1424 volentes

323 1468 398 1531 dare
427 1467 586 1532 esculenta
614 1472 645 1531 et
672 1467 839 1550 potulenta
861 1466 1039 1530 bursalibus
1062 1465 1178 1529 debent
1200 1465 1256 1529 illa
1277 1464 1383 1528 omnia
1405 1469 1438 1528 et
1459 1465 1525 1528 sin-

323 1572 416 1657 gula,
451 1593 513 1635 non
544 1573 689 1636 obstante
712 1573 738 1634 si
768 1571 850 1634 sorte
873 1570 993 1655 aliquid
1023 1570 1166 1635 dederint
1206 1570 1251 1634 eis
1291 1591 1349 1653 pro
1379 1573 1527 1654 prompta

327 1677 476 1760 peccunia
498 1698 552 1741 seu
574 1698 646 1740 mon
672 1676 886 1753 vendiderint,
919 1697 974 1759 per
1005 1675 1220 1739 iuramentum
1255 1673 1359 1759 palam
1392 1677 1424 1736 et
1446 1673 1525 1756 pub·

324 1781 385 1845 lice
418 1783 522 1867 legere
555 1783 696 1866 quolibet
732 1782 780 1846 die
811 1781 967 1844 dominico
1003 1784 1035 1842 et
1072 1780 1135 1864 legi
1167 1779 1290 1855 viuere,
1324 1800 1418 1862 quam
1448 1776 1525 1860 ipsis

324 1887 445 1952 dabunt
467 1891 674 1952 conuentores
697 1892 728 1953 et
751 1887 899 1951 Rectores
928 1886 1094 1949 bursarum
1127 1906 1185 1967 pro
1208 1885 1351 1950 ciborum
1375 1906 1410 1948 ac
1433 1886 1526 1966 potus

323 1992 497 2057 bursalium
524 1993 769 2078 dispensacione.

709 2184 765 2249 De
792 2185 1137 2282 conuentoribus.

409 2325 491 2390 Item
523 2325 658 2409 quilibet
688 2331 862 2391 conuentor
892 2350 955 2393 non
987 2327 1148 2413 corrigens
1171 2326 1221 2389 vel
1246 2346 1308 2387 non
1334 2321 1525 2386 denuncians

323 2429 451 2494 Rectori
482 2430 576 2494 burse
605 2429 737 2494 scolares
772 2431 1037 2496 insolencias
1069 2431 1118 2496 vel
1152 2428 1364 2513 strepitus
1395 2427 1526 2491 commi-

323 2533 487 2599 nitantes¹
511 2535 600 2599 iuxta
622 2539 762 2599 tenorem
785 2535 964 2600 huiusmodi
987 2536 1100 2599 statuti
1130 2535 1231 2600 solvat
1255 2538 1273 2597 2
1298 2537 1329 2617 β.

407 2638 488 2704 Item
522 2639 548 2703 si
577 2641 631 2722 qui
663 2641 889 2704 conuentorum
919 2661 976 2722 pro
1008 2639 1151 2703 honesto'
1175 2638 1331 2723 regimine
1354 2637 1414 2701 sibi
1438 2657 1524 2700 com-

322 2744 489 2808 missorum
513 2743 646 2827 quedam
669 2744 732 2808 alia
753 2743 955 2808 rationabilia
977 2743 1187 2820 condiderint,
1211 2741 1319 2806 statim
1348 2741 1405 2806 illa
1419 2748 1525 2805 trans·

320 2849 499 2934 gradientes
519 2869 644 2932 penas
662 2848 741 2912 inibi
761 2871 922 2932 expressas
940 2849 1005 2913 siue
1027 2848 1241 2913 condictiones
1266 2847 1402 2912 soluant.
1437 2845 1525 2921 Quod

320 2954 346 3018 si
376 2955 446 3036 quis
477 2953 645 3018 scolarium
676 2952 742 3016 siue
773 2952 1047 3018 baccalaureorum
1078 2974 1174 3037 penas
1198 2951 1378 3017 huiusmodi
1403 2951 1524 3016 soluere

323 3058 533 3135 recusauerit‚
565 3057 639 3122 talis
662 3057 789 3122 Rectori
819 3059 1034 3125 uniuersitatis
1057 3058 1265 3123 denunciatus
1289 3055 1422 3142 duplum
1444 3080 1523 3142 pene

320 3164 441 3228 soluere
468 3165 607 3249 cogatur.
914 3159 920 3168 ’

407 3269 487 3334 Item
511 3267 628 3333 Nullus
659 3272 888 3334 conuentorum
918 3273 1080 3352 presumat
1104 3290 1122 3332 a
1150 3289 1309 3352 quoquam
1332 3267 1370 3331 ad
1395 3266 1525 3330 bursam

319 3397 409 3439 suam
439 3375 616 3440 diuertente
645 3396 703 3459 pro
733 3373 989 3438 utensilium
1021 3373 1264 3439 conseruatione
1295 3373 1367 3456 plus
1390 3375 1526 3456 quatuor

319 3479 427 3544 solidis
443 3479 473 3543 h.
498 3480 622 3564 exigere
646 3483 702 3543 aut
726 3479 831 3543 minus
846 3479 992 3563 recipere,
1017 3481 1105 3544 saluo
1122 3501 1186 3543 nno
1202 3478 1301 3542 solido
1324 3500 1381 3561 pro
1405 3499 1525 3543 scam·

318 3583 383 3646 nis
407 3583 518 3648 dando.

394 3757 448 3822 De
479 3759 759 3841 promissione
789 3758 956 3822 bursali
986 3759 1034 3822 ab
1069 3763 1191 3823 extra
1221 3759 1442 3824 stantibus

815 3863 1027 3948 exigenda.

407 4000 648 4065 ltemrvolumus
664 4002 770 4079 etiam,
796 4003 877 4086 quod
902 4003 1048 4087 magistri
1072 4008 1284 4069 concentores
1307 4029 1326 4069 a
1348 4007 1528 4070 scolaribus

317 4110 406 4171 extra
429 4106 539 4170 bursas
561 4106 721 4170 stantibus
745 4108 896 4172 lectiones
919 4110 951 4171 et
974 4109 1124 4172 exercicia
1150 4110 1183 4172 in
1207 4112 1300 4175 bursa
1321 4111 1522 4175 audientibus

318 4211 637 4296 promissionem
661 4211 875 4278 bursalem
906 4235 958 4277 eos
993 4216 1416 4300 concernentemsecipiant
1439 4216 1524 4280 infra

317 4321 387 4381 octo
410 4317 476 4381 dies
499 4316 556 4381 sub
580 4339 662 4400 pena
684 4317 878 4401 priuacionis
910 4321 978 4404 ipso
1008 4318 1093 4384 facto
1128 4321 1224 4386 etiam
1248 4322 1443 4387 emolimenti
1467 4344 1524 4409 pro

321 4491 524 4498 ——.——..-

390 4543 402 4596 l
423 4545 534 4614 sptter:
553 4543 767 4600 committentes.
