3462 5320
350 429 414 494 216
719 426 762 482 41.
780 425 914 482 Statuten
932 423 958 480 d.
976 424 1010 480 U.
1029 442 1085 481 von
1103 425 1180 497 1537.

445 587 654 664 Quartum.
700 589 739 655 In
762 589 811 654 ius
834 591 960 656 rocetos
982 592 1112 673 propter
1126 590 1306 654 contractem
1323 589 1374 654 uel
1390 593 1478 656 actus
1501 591 1553 657 hic

229 693 233 700 '
348 698 454 778 gestos
477 715 582 760 coram
606 694 740 759 Rectore
761 715 888 758 causam
910 693 1021 757 dicere.

435 798 542 874 Quin
552 803 646 864 tum.
685 797 835 863 Exclusos
859 801 988 882 propter
1002 796 1239 880 improbitatem
1254 821 1274 863 a
1287 800 1445 864 consortio
1460 801 1552 866 scho-

348 904 460 969 lastico
482 925 521 968 ex
543 903 659 988 oppido
683 903 786 988 primo
802 925 926 988 quoque
948 907 1089 986 tempore
1104 902 1269 968 discedere.
1315 904 1349 970 Si
1371 909 1477 970 tamen
1501 907 1554 972 uel

354 1009 394 1074 ob
412 1031 454 1074 aas
469 1009 608 1074 alienum
623 1009 675 1074 uel
690 1009 768 1074 olias
783 1031 892 1074 causas
907 1028 1020 1094 graues
1035 1011 1232 1085 reuocentur,
1256 1009 1318 1073 nisi
1334 1010 1553 1091 satisfecerint,

349 1135 527 1198 comparere
549 1117 582 1178 εὴ
607 1136 641 1178 se
663 1135 768 1180 coram
789 1113 923 1178 Rectorc
946 1117 1116 1198 praesentes
1139 1114 1258 1177 sistere.

766 1287 916 1354 Formula
937 1287 1141 1354 Sacramenti.

409 1445 425 1474 ⁰
438 1425 498 1492 His
520 1427 736 1511 pronuntiatis
759 1427 936 1505 aRectore,
960 1428 1006 1492 ita
1028 1430 1065 1491 ut
1087 1426 1348 1512 intelligantura
1371 1429 1552 1512 profitenti·

351 1533 410 1596 bus
434 1553 550 1599 nomen
572 1555 680 1613 suum,
713 1533 747 1598 in
768 1536 839 1618 ipsa
861 1534 965 1598 iurare
988 1532 1104 1597 [tector
1136 1531 1259 1597 iubebit
1281 1555 1338 1619 per
1359 1531 1483 1598 DEVM
1505 1535 1555 1599 vel

350 1636 400 1701 his
421 1638 545 1704 verbis:

630 1812 653 1894 †
676 1813 732 1879 Ito
754 1815 826 1880 iuro
850 1819 886 1879 ut
907 1833 955 1879 mc
978 1809 1048 1876 DE
1055 1809 1110 1877 Vs
1130 1811 1271 1878 adiuuet.

440 1951 518 2018 Cum
541 1955 648 2018 autem
671 1952 875 2018 iurisiurandi
898 1953 1069 2037 singularis
1097 1954 1211 2039 religio
1234 1973 1336 2036 neque
1359 1951 1556 2036 profananda

353 2079 421 2122 esse
446 2058 600 2136 uideatur,
624 2080 758 2142 cumque
779 2058 874 2123 multi
896 2059 987 2142 pueri
1008 2061 1102 2123 aetate
1116 2063 1149 2124 et
1164 2058 1270 2123 animo
1286 2056 1437 2122 imbecilli
1461 2061 1556 2142 atque

353 2163 531 2248 improuide
561 2165 674 2229 adduci
706 2164 746 2229 ad
776 2164 858 2229 banc
890 2164 1118 2248 professionem
1150 2165 1288 2229 nominis
1324 2163 1465 2241 soleant,
1500 2163 1556 2246 qui

352 2268 443 2353 pueri
465 2268 567 2334 adhuc
588 2268 719 2348 fuerint,
744 2269 896 2353 stipulata
920 2290 1016 2333 manu
1032 2270 1220 2354 promittere
1236 2292 1288 2335 eos
1304 2269 1426 2334 iubebit
1439 2267 1556 2332 Rector

350 2373 482 2437 recitata
513 2373 618 2458 capita
651 2373 856 2458 monebitque
886 2373 1090 2439 iurisiurandi
1120 2374 1203 2439 hanc
1225 2373 1465 2458 promissionem
1487 2371 1555 2436 loco

352 2477 470 2562 accipi,
502 2481 539 2542 ut
560 2479 766 2544 meminerint
788 2499 822 2543 se
845 2479 964 2544 iuratos
986 2501 1070 2557 esse,
1094 2501 1165 2544 oum
1187 2479 1327 2564 primum
1350 2497 1420 2562 quae
1442 2476 1555 2560 religio

308 2645 318 2666 ‚
352 2582 555 2647 iurisiurandi
576 2584 619 2649 sit
634 2585 813 2670 intelligere
829 2583 987 2667 ceperint.¹
1010 2582 1070 2649 Sed
1092 2589 1125 2648 ct
1146 2583 1217 2667 alijs
1239 2583 1273 2646 in
1295 2580 1556 2667 promissionibus

358 2687 496 2752 solennis
518 2687 724 2754 iurisiurandi
739 2689 901 2766 sanctitas,
924 2689 988 2753 nisi
1010 2711 1044 2755 re
1065 2690 1241 2775 flagitante,
1265 2709 1330 2752 non
1351 2686 1555 2771 usurpabitur

359 2812 396 2856 ac
417 2791 623 2876 stipulatione
644 2815 694 2858 res
717 2797 894 2879 peragetur.

440 2896 480 2960 In
512 2896 596 2982 leges
628 2901 661 2962 et
694 2901 816 2962 statute
843 2898 897 2982 qui
927 2897 1137 2982 deliquerint,
1169 2897 1308 2983 periurio
1330 2899 1399 2964 idco
1423 2897 1556 2963 infames

352 3001 463 3067 haberi
485 3023 550 3066 non
572 3002 697 3081 debent,
721 3003 877 3087 siquidem
899 3024 1004 3088 paenas
1028 3002 1185 3068 subierint
1199 3002 1336 3068 inflictas
1350 3002 1416 3067 illis
1438 3001 1552 3068 delicto

352 3127 418 3170 suo.
464 3105 510 3172 Ni
530 3107 614 3173 forte
628 3107 695 3174 hmo
717 3109 786 3194 ipsa
808 3131 899 3193 paena
920 3108 1049 3192 periurij
1074 3108 1139 3194 legi
1161 3108 1255 3174 alicui
1277 3112 1332 3173 aut
1354 3113 1476 3174 statuto
1500 3106 1555 3172 ad·

355 3212 490 3297 ijciatur.

352 3386 506 3452 Rector
527 3387 652 3452 etiam
675 3387 941 3471 subscriptis
964 3387 1136 3473 legibus
1160 3388 1383 3455 tenebitur
1404 3411 1488 3474 cap.
1507 3394 1556 3455 15.

439 3526 555 3591 Rector
578 3526 691 3591 necui
714 3524 932 3609 pecuniam
962 3523 1285 3607 inscriptionis
1308 3527 1475 3591 nomine
1498 3527 1557 3592 de-

353 3631 490 3696 bitam
513 3632 690 3712 condonato
712 3635 767 3694 aut
790 3629 955 3706 remittito,
980 3629 1044 3694 nisi
1067 3629 1150 3694 iusta
1165 3631 1203 3695 de
1218 3652 1320 3712 causa,
1344 3653 1439 3716 quam
1455 3633 1558 3716 ipsam

354 3760 481 3803 causam
504 3737 658 3822 apponito
682 3735 928 3818 uniuscuiusque
951 3734 1091 3810 nomini,
1118 3733 1264 3800 similiter
1287 3740 1319 3800 et
1340 3736 1558 3821 inscriptionis

353 3843 444 3908 diem.
491 3841 524 3908 Si
556 3842 630 3926 quid
662 3842 730 3906 sine
752 3842 836 3906 iusta
858 3863 952 3905 causa
973 3839 1146 3918 remiserit,
1182 3841 1386 3920 condonarit,
1418 3843 1485 3927 ipse
1508 3864 1558 3906 re-

354 3947 480 4033 pendat.
526 3947 732 4013 ltemittendo
763 3951 868 4011 eutem
905 3946 954 4011 uel
981 3944 1079 4010 tutius
1103 3945 1253 4010 mercedis
1276 3946 1327 4010 uel
1350 3946 1449 4030 partis
1472 3946 1559 4010 illius

353 4074 454 4118 causae
477 4053 575 4118 ferme
597 4053 666 4117 istae
688 4051 817 4116 fuerint.
863 4049 896 4115 si
919 4051 990 4134 quis
1006 4050 1197 4115 Doctoratus
1213 4050 1348 4116 honores
1364 4056 1557 4130 consecutus,

353 4160 408 4221 aut
442 4157 613 4223 conductus
646 4156 803 4241 stipendio
841 4156 880 4220 ab
914 4155 1130 4221 Vniuersitate
1169 4157 1335 4222 aduenerit
1368 4160 1399 4222 et
1436 4157 1558 4221 remitti

355 4262 438 4326 hanc
460 4262 522 4327 sibi
546 4262 632 4342 uelit,
656 4266 694 4327 ut
715 4263 775 4328 hoc
797 4261 983 4327 reuerentiae
1006 4261 1092 4326 illius
1114 4262 1222 4341 detur,
1245 4263 1313 4326 siue
1335 4261 1406 4345 quis
1429 4262 1464 4325 in
1486 4261 1558 4326 illo-

355 4387 427 4432 rum
458 4367 616 4433 famulitio
649 4389 702 4434 seu
726 4371 816 4433 extra
838 4367 897 4434 hoc
926 4387 960 4432 se
988 4367 1072 4432 bona
1103 4367 1164 4432 fide
1186 4387 1357 4452 pauperem
1380 4387 1447 4431 esse
1469 4365 1558 4431 affir-

354 4471 459 4537 merit.
