3460 5314
583 503 698 560 Statuta
719 505 783 560 1477
803 523 829 560 u.
843 507 920 562 1505.

517 734 573 799 De
596 733 980 819 resumpoionibus.

238 877 289 938 43.
313 872 435 939 Statuit
457 874 609 951 facultas,
643 877 679 937 vt
708 873 843 957 quilibet
865 872 1056 938 Scolaris
1087 898 1106 939 a
1128 874 1283 960 Magistro
1306 898 1354 941 re·

153 981 251 1062 gente
266 1001 451 1063 quocunque
467 978 611 1057 voluerit,
636 978 888 1044 Conuentoribus
903 978 1059 1042 duntaxat
1075 979 1223 1062 exceptis,
1248 979 1356 1046 audire

151 1083 254 1166 possit
276 1085 568 1167 repeticiones
598 1086 666 1150 siue
695 1085 1016 1168 resumpcioues
1044 1084 1186 1148 omnium
1218 1085 1267 1149 vel
1297 1087 1355 1150 ali-

157 1290 429 1358 baccalaureorum
453 1295 519 1359 siue
541 1294 769 1379 magistrorum
784 1295 1003 1381 responsiones
1020 1299 1205 1383 neglexerit,
1229 1300 1356 1385 penitus

157 1416 221 1459 non
244 1396 440 1464 admittatur.

241 1501 322 1567 Item
345 1507 411 1568 tam
435 1505 628 1570 baccalaurei
659 1527 753 1589 quam
785 1506 920 1570 scolares
952 1509 1104 1571 tenentur
1126 1507 1357 1592 disputationes

153 1606 293 1672 bursales
315 1613 383 1675 toto
405 1615 547 1695 ternpore
570 1611 807 1695 completionis,
840 1611 985 1676 videlicet
1014 1633 1099 1675 anuo
1121 1634 1192 1677 oum
1214 1613 1355 1694 dimidio,

154 1712 363 1796 frequentare,
387 1718 419 1778 at
442 1716 469 1779 si
493 1717 563 1800 quis
585 1717 669 1781 vltra
691 1737 745 1780 sex
768 1715 960 1801 neglexerit,
994 1737 1050 1800 per
1076 1717 1134 1782 fac.
1159 1717 1275 1784 artium
1300 1741 1356 1784 ne·

158 1839 316 1902 quaquam
339 1820 535 1900 admittatur,
560 1823 613 1886 sed
637 1844 716 1907 pene
739 1821 962 1886 retardationis
985 1821 1154 1886 subiaceat.

243 1923 388 1989 Ceterum
418 1947 481 1990 non
505 1926 671 2010 inprouida
701 1926 816 1990 statuit
843 1924 978 1990 facultas
1008 1931 1040 1990 et
1063 1927 1223 1993 obseruari
1245 1930 1355 2010 voluit,

159 2032 195 2092 vt
217 2029 322 2094 nullus
345 2031 444 2114 ipsius
466 2031 525 2096 fac.
549 2031 769 2096 baccalaureus
791 2030 841 2094 vel
871 2031 1017 2107 scolaris,
1047 2032 1259 2117 cuiuscunque
1282 2055 1356 2098 con·

154 2133 285 2197 ditionis
308 2135 458 2212 extiterit,
481 2136 579 2200 alium
602 2136 669 2200 siue
685 2136 930 2208 baccalaureum,
955 2136 1116 2214 scolarem,
1141 2138 1275 2203 beannm
1291 2139 1358 2202 siue

156 2237 325 2316 nouicium,
349 2243 404 2302 aut
420 2239 698 2323 quomodocunque
715 2239 792 2303 alias
806 2238 1087 2315 condictionatum,
1113 2241 1147 2304 in
1167 2241 1355 2324 disputatio-

156 2342 250 2407 nibus
272 2345 497 2430 magistrorum
521 2345 568 2408 vel
592 2343 883 2419 baccalaureorum,
915 2347 970 2406 aut
994 2344 1188 2425 quibuslibet
1210 2345 1280 2428 alijs
1303 2367 1355 2409 ac·

158 2448 243 2511 tibus
265 2449 447 2526 scolasticis,
470 2450 638 2533 presertim
662 2448 807 2533 publicis,
830 2447 944 2523 verbis,
967 2447 1060 2513 factis
1076 2453 1131 2514 aut
1153 2449 1254 2534 signis
1277 2471 1356 2534 quo·

156 2553 327 2618 modolibet
350 2577 471 2632 vexare,
495 2556 662 2620 molestare
684 2559 740 2619 aut
763 2553 948 2637 perturbare
971 2557 1140 2636 presumat.

242 2657 322 2723 Item
348 2659 454 2724 nullus
478 2660 648 2724 scolarium
671 2659 737 2722 siue
752 2646 1026 2722 baccalaureorum
1044 2663 1177 2723 'extra
1199 2659 1357 2737 bursas,

155 2762 304 2830 lectiones
327 2787 384 2848 pro
407 2765 513 2850 aliquo
536 2764 638 2850 gradu
660 2764 816 2848 complere
839 2768 1021 2840 censeatur,
1054 2763 1117 2827 nisi
1141 2763 1180 2827 ab
1204 2763 1357 2828 uniuersi-

20 2947 21 2960 ,
154 2872 219 2933 tate
242 2874 274 2932 et
294 2868 445 2936 facultate
466 2871 595 2935 licentia
617 2871 748 2934 obtenta
769 2872 825 2933 aut
847 2868 986 2933 famulus
1011 2869 1077 2933 siue
1100 2868 1273 2953 discipulus
1296 2869 1354 2934 ali·

156 2973 243 3037 cuius
267 2973 403 3039 doctoris
418 2975 468 3040 vel
485 2975 631 3060 magistri
648 2974 685 3038 de
700 2973 845 3058 regentia
859 2972 920 3038 fac.
938 2974 1055 3037 artium
1073 2974 1237 3038 existentis
1252 2975 1357 3054 fuerit,

21 3067 23 3156 ἶ
155 3081 209 3142 aut
240 3078 319 3142 alias
353 3101 425 3143 cum
456 3081 639 3163 parentibus
671 3079 721 3143 vel
751 3077 1012 3164 consanguineis,
1047 3078 1080 3140 iu
1103 3078 1200 3142 tercio
1224 3100 1358 3143 consan-

155 3183 324 3268 guinitatis
350 3186 449 3270 gradu
474 3187 660 3251 coniunctis
706 3185 762 3268 Hij
780 3185 864 3250 enirn
881 3185 997 3249 eisdem
1017 3185 1158 3270 gandent
1173 3185 1358 3269 priuilegijs,

156 3288 270 3372 quibus
294 3288 444 3354 bursales.

241 3393 354 3459 Voluit
376 3399 484 3460 tamen
507 3397 575 3480 ipsa
596 3397 750 3471 facultas,
783 3394 821 3458 ad
844 3395 1075 3478 precauendunr
1099 3392 1242 3471 fraedae,
1276 3391 1359 3475 quod

158 3503 244 3565 stare
267 3500 407 3566 volentes
429 3524 499 3567 cum
516 3499 761 3586 consanguineis
778 3501 959 3582 presentent
974 3520 1007 3562 se
1022 3497 1167 3563 facultati
1183 3500 1215 3562 et
1229 3497 1358 3562 eandem

157 3603 192 3668 do
215 3605 317 3690 gradu
339 3606 625 3689 consanguinitatis
648 3605 842 3670 sufficienter
866 3604 1005 3668 doceant.
1353 3597 1357 3603 ⁴

242 3709 377 3796 insuper
399 3711 500 3775 voluit
523 3713 666 3786 facultas,
691 3710 775 3794 quod
797 3711 943 3786 scolares,
967 3731 1037 3774 cum
1061 3709 1222 3794 magistris
1246 3707 1283 3772 de
1306 3728 1356 3771 re·

158 3816 268 3899 gentia
289 3815 451 3881 facultatis
476 3822 565 3882 extra
586 3819 713 3882 bursam
736 3817 880 3880 habitare
911 3816 1051 3879 volentes
1074 3813 1151 3898 ipsis
1174 3812 1290 3878 eisdem
1313 3810 1359 3875 le-

163 3921 264 4006 gibus,
289 3921 403 4004 quibus
427 3922 567 3986 bursales
589 3921 844 3998 conuentoribus,
867 3920 986 3984 subditi
1009 3920 1082 3984 sint.

245 4023 391 4110 Denique
413 4027 524 4104 voluit,
547 4028 629 4111 quod
653 4026 800 4112 magistri
824 4026 862 4089 de
884 4024 1030 4110 regentia
1044 4023 1113 4100 fac„
1137 4023 1164 4087 si
1180 4026 1270 4086 extra
1284 4041 1359 4084 oon·

159 4129 265 4194 silium
288 4131 462 4209 extiterint,
486 4131 626 4195 volentes
649 4152 753 4194 secum
777 4129 892 4192 habere
909 4128 1045 4194 scolares
1061 4127 1265 4210 complentes,
1288 4145 1360 4207 pre·

160 4239 285 4300 sentent
307 4257 339 4300 sc
362 4257 467 4300 coram
490 4235 641 4300 facultate
666 4238 698 4298 ct
721 4235 779 4298 hoc
802 4234 901 4297 eidem
926 4232 1074 4296 indicent.

242 4341 274 4405 Is
305 4345 410 4406 auteur
439 4341 594 4405 duntaxat
625 4340 660 4402 in
691 4340 786 4403 bursa
809 4343 893 4402 strue
915 4340 1078 4413 censetur,
1114 4335 1224 4419 quiin
1247 4333 1304 4398 illa
1325 4337 1362 4397 vt

162 4445 315 4510 censualis
338 4450 489 4524 moratur,
514 4446 606 4510 burae
628 4466 769 4512 mensam
791 4442 887 4508 habet
909 4447 941 4506 et
958 4464 995 4506 ea
1010 4442 1121 4520 utitur,
1146 4440 1179 4504 in
1204 4439 1362 4504 conducta

159 4550 356 4619 habitatione
380 4551 497 4617 dormit
519 4555 551 4618 et
571 4554 728 4618 nocturno
750 4553 892 4638 tempore
914 4547 1071 4634 quiescit,
1096 4544 1244 4614 exercitia
1267 4545 1362 4615 solita
