3504 5322
736 481 852 537 saeua
871 482 946 538 1505.
1376 488 1439 556 407

239 640 427 706 rectoris
450 641 675 707 bursarum
704 639 860 725 descripte
881 642 1005 725 publice
1028 645 1091 730 legi
1116 645 1238 724 faciat,
1262 651 1295 710 et
1317 649 1356 712 eb
1379 649 1438 713 eis·

239 747 310 811 dem
332 769 389 831 per
412 767 521 811 eorum
544 747 638 810 fidem
661 745 832 830 diligenter
854 747 1011 830 inquiret,
1042 772 1081 814 an
1116 750 1296 816 huiusmodi
1319 756 1440 817 statuta

239 853 355 917 ibidem
370 852 587 917 obseruantur.
634 850 722 927 Quod
738 852 764 916 si
781 853 814 914 in
836 853 942 936 aliquo
959 853 1114 919 defectum
1131 859 1186 920 aut
1208 856 1438 943 negligentiam

240 958 307 1022 fore
329 959 519 1041 comperiet,
544 957 623 1022 illud
645 957 779 1022 sollicite
802 958 967 1023 emendare
988 964 1020 1023 et
1043 960 1200 1046 corrigere
1223 983 1381 1046 penesque
1404 960 1437 1025 in

238 1064 304 1128 cius
328 1065 457 1128 statutis
480 1067 645 1128 coutentes
668 1065 794 1148 exigere
809 1063 894 1140 velit,
920 1065 1161 1147 promissionem
1176 1088 1301 1150 quoquc
1323 1066 1436 1132 aRec·

238 1169 359 1233 toribus
381 1169 549 1233 bursarum
573 1169 610 1232 de
634 1169 829 1234 clausura
853 1171 1020 1234 earundem
1032 1171 1124 1254 juxta
1139 1175 1330 1237 statutorum
1347 1177 1436 1238 teno-

238 1297 305 1340 rem
328 1274 394 1339 illic
417 1274 591 1339 solenniter
613 1275 750 1359 recipere
773 1276 812 1339 ab
835 1275 959 1340 eisdem.
1042 1311 1047 1322 ·

323 1379 435 1445 Voluit
457 1381 551 1445 eliam
586 1383 618 1445 et
640 1380 753 1444 statuit
776 1381 983 1459 vniuersitas,
1015 1383 1098 1465 quod
1131 1403 1240 1446 omnes
1263 1385 1296 1445 et
1318 1381 1436 1467 singuli

237 1484 386 1550 officiales
408 1489 475 1552 tem
498 1486 714 1550 uniuersitatis
739 1508 831 1569 quarn
855 1486 1053 1572 singularum
1082 1485 1270 1550 facultatum
1292 1489 1437 1570 prestent

235 1591 440 1674 corporaliter
462 1613 519 1655 sue
537 1592 779 1674 juramenta
802 1591 923 1670 debita,
958 1596 1129 1674 antequam
1152 1591 1190 1654 de
1212 1612 1340 1654 suorum
1363 1590 1434 1654 offi-

237 1695 354 1760 ciorum
380 1694 570 1760 exercitione
596 1717 628 1760 se
651 1695 879 1760 intromittant.

322 1798 455 1884 Insuper
478 1799 579 1864 voluit
601 1801 807 1878 uniuersites,
833 1801 915 1885 quod
939 1802 1073 1884 quilibet
1095 1802 1212 1866 Rector
1234 1800 1337 1876 bursa,
1360 1821 1434 1864 con-

235 1909 365 1981 uentor,
404 1911 584 1990 resumptor
612 1906 902 1990 magistrandorum
933 1911 965 1971 et
996 1906 1204 1993 pedagogiste
1234 1904 1434 1989 promittant,

237 2010 319 2092 quad
343 2011 448 2095 siper
481 2034 533 2076 eos
555 2033 687 2095 quorum
713 2011 860 2075 intererit
890 2015 1051 2096 correptus
1073 2013 1123 2075 vel
1146 2010 1305 2094 depositus
1327 2008 1433 2087 fuerit,

237 2136 300 2177 non
324 2115 356 2179 id
379 2116 527 2180 aduersus
549 2117 628 2179 tales
650 2115 809 2180 vindicare
832 2114 926 2193 velit,
960 2117 1011 2180 via
1040 2116 1116 2180 facti
1139 2116 1255 2180 directe
1277 2114 1327 2177 vel
1349 2113 1433 2177 indi-

234 2221 327 2282 recte.
372 2219 467 2284 Viam
485 2220 566 2300 juria
589 2225 696 2284 autem
719 2220 839 2284 nemini
858 2220 957 2284 voluit
981 2242 1048 2284 esse
1064 2220 1251 2304 precluum,
1274 2217 1361 2282 saluo
1384 2221 1433 2281 ta-

233 2342 304 2386 men
328 2324 448 2387 statuto
470 2323 689 2388 uniuersitatis
712 2323 749 2388 de
772 2325 909 2408 negociis
938 2325 972 2388 in
996 2324 1101 2390 studio
1123 2321 1374 2408 emergentibus,
1399 2321 1431 2384 in

237 2448 298 2508 quo
322 2449 394 2492 casu
417 2428 606 2492 uniuersitas
630 2451 717 2493 suam
740 2428 837 2494 faciat
859 2450 993 2494 causam.

328 2653 553 2718 Promissio
576 2655 777 2722 Rectoris
803 2656 930 2720 barse
952 2660 991 2720 et
1014 2657 1332 2720 conuentorum.

314 2826 383 2910 Epo
404 2830 557 2910 promitto
580 2831 659 2894 meis
682 2830 869 2896 durantibus
890 2830 1031 2910 fideliter
1056 2832 1090 2894 in
1105 2831 1249 2894 moribus
1272 2827 1433 2908 diciplina

228 2940 258 3000 et
280 2935 428 2999 doctrina
444 2955 578 3015 preesse
598 2933 628 3013 ¹,
659 2935 790 3000 bursam
813 2955 915 3000 meam
936 2935 1026 3000 doris
1051 2936 1185 3000 statutis
1208 2935 1247 3000 ab
1269 2933 1431 2998 sniumei-

228 3044 291 3103 tatc
312 3039 465 3119 firmitate
488 3060 551 3104 naa
571 3040 648 3120 fieta
671 3039 835 3119 claudere,
867 3061 938 3105 enm
966 3041 1046 3106 midi
1070 3061 1108 3105 ea
1131 3039 1236 3119 africia
1259 3037 1364 3104 claues
1387 3042 1430 3101 te·

230 3165 305 3209 nere
320 3146 526 3225 competierit,
542 3145 746 3226 clausamque
758 3147 910 3227 coreprais
926 3145 1122 3226 temporibus
1134 3163 1304 3225 proposse
1316 3149 1429 3208 tenere.

227 3247 396 3314 Dieeotum
418 3249 467 3313 oct
489 3251 713 3332 vapulandum
733 3271 853 3316 meeum
875 3272 938 3314 uon
962 3256 1075 3328 tenere,
1098 3251 1177 3330 puin
1192 3249 1284 3313 illum
1300 3247 1431 3312 Rcctori

228 3355 454 3420 uniuersitatis
477 3360 533 3417 ant
562 3356 633 3419 eius
655 3357 740 3420 uices
760 3357 884 3438 percuti
908 3377 971 3437 per
993 3377 1041 3420 me
1066 3355 1116 3420 uel
1131 3375 1195 3435 pcr
1217 3352 1318 3418 atium
1340 3351 1431 3431 infra

227 3461 370 3524 triduum
394 3459 579 3524 deureueiem
610 3462 848 3526 accendendam.
893 3461 925 3526 A
959 3462 1055 3526 bearro
1080 3479 1145 3540 pro
1168 3457 1279 3521 beante
1301 3457 1429 3537 deposi-

227 3565 311 3629 tione
341 3585 402 3629 non
432 3563 509 3643 plns
538 3566 635 3629 tertia
660 3571 759 3646 parte
788 3567 906 3648 [tareni
937 3566 1084 3630 remensis
1113 3564 1238 3645 ccipere
1261 3566 1318 3626 out
1342 3561 1429 3642 adipi

222 3670 418 3748 permittere,
443 3668 577 3733 licencia
601 3669 644 3734 ad
667 3669 813 3750 amplius
836 3670 1055 3750 exponendum
1071 3669 1110 3732 ab
1133 3667 1344 3734 universitate
1366 3686 1429 3729 noa

227 3773 352 3838 attenta
366 3769 386 3836 ².
437 3771 527 3851 Quod
550 3774 581 3837 si
597 3794 661 3855 per
684 3795 737 3840 eos
761 3796 895 3856 quoram
915 3777 1051 3840 interest
1074 3777 1239 3852 correptas
1261 3770 1311 3835 eet
1332 3771 1428 3850 depo-

225 3879 310 3942 situs
330 3875 422 3954 fuero
444 3896 508 3941 nore
531 3877 567 3940 id
589 3879 747 3944 aduersus
771 3879 853 3944 tales
868 3879 1035 3944 aiu-dicare
1057 3877 1127 3944 colo
1145 3879 1199 3942 aia
1212 3876 1294 3956 faeti
1309 3875 1427 3940 directe

227 3983 275 4046 uel
298 3983 461 4046 indirecte.

302 4244 313 4296 l
337 4243 494 4312 beigefilgt:
514 4243 643 4313 ipsosque
663 4244 784 4300 fideliter
803 4245 840 4299 ad
858 4244 1063 4300 latinisandum
1081 4245 1218 4299 inducere.

297 4330 314 4384 2
334 4329 494 4399 beigefligt:
513 4329 588 4385 infra
606 4332 707 4386 mensis
724 4333 847 4402 spatium
866 4331 993 4401 quelibet
1006 4332 1162 4388 mutatione
1179 4351 1241 4386 cunr
1259 4332 1363 4388 sindico
1382 4351 1426 4388 ra-

226 4417 332 4473 cionem
350 4417 440 4472 facere
458 4417 492 4472 de
512 4435 593 4473 censu
615 4418 712 4474 domus
731 4437 764 4473 ac
781 4419 815 4474 de
834 4418 952 4488 receptis
970 4419 1093 4474 solutum
1111 4421 1209 4474 facere.

984 4533 1000 4565 θ
