3464 5318
301 401 363 466 152
558 418 564 432 ·
669 397 711 450 33.
731 395 876 451 Ordinatio
895 395 979 466 Regis
999 394 1168 450 Ferdinandi
1189 399 1264 452 1525.

298 556 544 640 gubernantium
567 556 787 642 grauissimam
809 555 1061 640 indignationem
1093 575 1128 618 ac
1151 555 1247 620 simul
1271 556 1446 620 offitiorum
1469 559 1501 619 et

298 659 508 724 Lecturarum
530 680 658 724 suarum
679 660 891 743 priuationem
914 659 1069 724 declinare
1092 661 1262 724 noluerint.¹

385 764 540 848 Expressa
563 766 679 830 eisdem
702 765 905 849 iniungentcs
921 767 953 827 et
978 765 1127 839 volentes,
1152 769 1187 828 vt
1204 766 1236 828 in
1252 765 1393 850 praefatis
1417 764 1501 829 ordi-

299 869 482 934 nationibus
512 869 593 932 nihil
621 891 749 953 prorsns
772 861 942 932 immutent
972 872 1004 932 et
1032 873 1176 932 statuant
1205 891 1261 954 per
1290 893 1322 936 se
1351 870 1403 935 uel
1426 892 1501 934 con-

299 975 422 1040 iunctos
452 974 548 1038 etiam
588 975 650 1039 sibi
679 975 756 1038 elios
787 974 827 1037 ad
858 973 1032 1039 Consilium
1063 973 1291 1039 Vniuersitatis
1325 976 1500 1059 deputatos,

298 1079 410 1163 quouis
434 1083 588 1162 praetextu
612 1083 667 1144 aut
688 1080 791 1144 colore
814 1079 957 1163 quaesit0,
982 1078 1045 1142 nisi
1068 1079 1156 1162 prius
1180 1081 1272 1146 nobis
1294 1080 1447 1146 consultis
1471 1085 1503 1144 et
1538 1083 1551 1106 ⁸

300 1185 391 1249 dictis
413 1184 647 1249 suecessoribus
671 1185 798 1261 nostris,
821 1185 872 1248 uel
896 1184 986 1248 nobis
1009 1187 1063 1247 aut
1086 1183 1150 1248 illis
1173 1187 1201 1248 'a
1223 1185 1387 1269 prouincia
1408 1187 1503 1269 longe

298 1287 491 1366 absentibus,
523 1291 638 1355 nostris
669 1289 720 1353 uel
752 1288 920 1353 eorundem
951 1309 1009 1372 pro
1033 1293 1175 1371 tempore
1198 1289 1446 1355 Locnmtenente
1468 1293 1500 1354 et

303 1391 498 1479 Consiliarijs
522 1395 725 1479 prouincialis
748 1393 928 1479 Regiminis
951 1392 1168 1456 existentibus.

387 1499 526 1583 Excepta
542 1499 697 1563 duntaxat
719 1499 918 1563 artistioa
939 1498 1166 1574 facultate,
1190 1497 1241 1561 eui
1256 1499 1383 1584 integro
1399 1500 1499 1564 trien-

301 1603 354 1666 nio
376 1625 433 1686 per
455 1603 540 1667 viam
564 1604 760 1688 probationis
783 1604 911 1667 modum
934 1606 965 1666 et
988 1603 1131 1666 ordinem
1162 1625 1253 1666 suum
1285 1604 1502 1680 concessimus,

301 1706 348 1770 ita
371 1707 453 1788 quod
476 1708 504 1770 si
526 1708 636 1771 melior
659 1712 691 1772 et
713 1708 838 1772 breuior
861 1707 992 1792 posthac
1008 1706 1177 1771 Methodus
1198 1707 1249 1770 uel
1272 1707 1413 1790 puriores
1435 1707 1502 1770 Au-

303 1813 387 1874 tores
408 1811 517 1875 haberi
542 1811 682 1894 possint,
711 1815 747 1876 ut
770 1811 903 1875 eundem
926 1812 976 1875 uel
999 1811 1125 1875 eosdem
1147 1833 1303 1875 assumere
1326 1812 1450 1895 possint
1473 1815 1505 1875 et

302 1916 445 1980 debeant.
491 1914 668 1981 Accedente
683 1921 789 1980 tamen
805 1939 928 2000 semper
943 1920 975 1980 et
989 1917 1141 2000 requisito
1157 1914 1302 1998 inprimis
1318 1915 1502 1999 (lancellarij

303 2019 438 2104 praefati,
462 2019 605 2086 Rectoris
628 2021 762 2086 itemst
785 2026 920 2105 quatuor
937 2019 1137 2084 Decanorum
1160 2041 1323 2084 consensu.
1336 2025 1368 2084 et
1390 2021 1502 2085 volun·

301 2128 368 2188 tate
390 2125 483 2189 modo
506 2126 639 2190 viariam
663 2129 695 2190 et
716 2126 846 2191 nomina
869 2130 901 2190 et
925 2125 1108 2189 discrimina
1121 2125 1188 2190 sint
1202 2128 1233 2188 et
1249 2129 1399 2188 maneant
1422 2147 1503 2188 sem-

301 2252 356 2314 per
379 2232 512 2296 exclusa.
1081 2254 1089 2285 ⁶

388 2333 462 2400 Non
485 2335 686 2401 obstantibus
709 2337 744 2400 in
767 2334 961 2399 contrarium
987 2333 1225 2417 quibuscunque
1247 2332 1502 2397 ordinationibus

303 2439 435 2504 decretis
457 2441 595 2518 statutis,
620 2441 717 2505 etiam
739 2439 860 2518 iuratis
885 2443 939 2503 aut
963 2438 1199 2522 quomodolibet
1223 2437 1376 2503 hactenus
1399 2439 1504 2510 intro·¹

301 2543 402 2607 ductis
424 2548 457 2608 et
478 2546 669 2624 obseruatis,
693 2546 807 2630 quibus
830 2544 977 2609 omnibus
1000 2548 1032 2608 et
1055 2545 1208 2629 singulis,
1241 2547 1395 2627 quatenus
1419 2565 1500 2627 praa-

302 2647 468 2713 missorum
500 2651 645 2714 effectum
674 2651 827 2735 impedire
862 2654 1005 2734 possent,
1038 2670 1076 2713 ex
1108 2648 1306 2732 planitudine
1340 2649 1506 2730 potestatis

303 2755 419 2816 nostres
443 2775 479 2816 ac
501 2753 539 2818 de
562 2755 692 2838 praecisa
714 2759 823 2819 nostre
837 2755 1010 2830 voluntate,
1034 2752 1178 2816 etiamsi
1203 2751 1281 2814 talia
1296 2754 1410 2831 essent,
1434 2772 1504 2833 quae

302 2854 452 2920 deberent
476 2858 682 2939 praesentibus
706 2857 850 2942 exprimi,
875 2859 970 2940 prout
985 2877 1044 2939 pro
1066 2856 1220 2938 expressis
1243 2857 1273 2918 et
1298 2854 1423 2918 insertis
1447 2855 1505 2918 ha·

303 2958 370 3023 beri
393 2961 554 3038 uolumus
585 2963 771 3048 derogamus
803 2966 834 3025 et
865 2960 1052 3044 derogatum
1077 2981 1143 3022 csse
1165 2959 1311 3022 uolumus
1335 2960 1505 3043 praemissis

304 3065 558 3131 ordinationibus
586 3067 715 3151 plenum
747 3069 863 3130 nostrae
896 3063 1081 3148 principalis
1112 3062 1310 3126 auctoritatis
1343 3063 1440 3127 robur
1473 3065 1506 3126 et

303 3168 475 3234 efficaciam
498 3173 711 3235 concedentes.
758 3169 796 3233 In
820 3191 953 3253 quorum
969 3169 1062 3232 fidem
1078 3167 1170 3231 hasce
1193 3167 1326 3252 paginas
1350 3166 1506 3232 conscribi

302 3277 398 3358 atque
420 3275 519 3360 sigilli
541 3276 643 3340 nostri
666 3275 873 3359 impressione
896 3274 1038 3339 roborari
1061 3272 1219 3336 iussimus

392 3377 548 3465 Tubingae
571 3381 620 3444 die
642 3379 792 3444 vicesima
814 3381 910 3444 tertia
932 3379 1048 3443 mensis
1074 3376 1219 3442 Octobris
1241 3377 1337 3440 Anno
1362 3377 1455 3440 1525.

391 3482 630 3549 Fnsnrrarmus.

814 3590 866 3654 Ad
888 3588 1073 3652 mandatum
1095 3585 1161 3651 Ser.
1189 3584 1280 3648 Dom.
1305 3583 1462 3668 Principis

861 3691 1052 3756 Archiducis
1075 3691 1250 3774 proprium.

1205 3793 1226 3858 J
1236 3816 1262 3857 a.
1287 3792 1463 3878 Spiegel.

376 3985 458 4043 Univ.
479 3989 581 4044 Archiv
601 3989 657 4043 Mh.
671 3989 691 4053 l,
713 3989 752 4042 15.
789 3985 890 4056 Papicr
908 3986 962 4040 mit
981 3985 1082 4056 Siegel.
1121 3983 1266 4039 Eisenlohr
1284 3983 1318 4037 86
