3442 5314
320 385 340 447 2
581 381 603 434 1.
630 378 793 449 Verlegung
811 378 858 434 des
878 377 1063 448 Sindelfinger
1081 378 1163 433 Stifts
1184 378 1259 434 1476.

318 539 497 604 abinuicem
529 536 749 601 habitantibus
780 559 906 602 secums
929 559 994 601 non
1026 541 1089 614 est,
1120 542 1261 622 essetque
1293 559 1350 622 pro
1374 538 1450 601 viris
1471 559 1521 601 re·

317 643 440 728 ligiosis
464 642 542 707 satis
565 641 759 704 acoomodus
805 640 884 705 (lum
907 645 1029 719 autem,
1064 641 1147 706 sicut
1179 645 1285 707 eadem
1312 642 1425 726 petitio
1447 643 1521 706 sub·

317 748 479 833 iungebat,
503 747 529 811 si
553 745 637 809 dicta
659 745 800 823 ecclesia,
826 768 887 830 que
909 747 947 810 da
969 747 1036 810 iure
1053 751 1240 831 patronatus
1256 747 1521 812 dicteMechthil-

317 853 365 916 dis
389 849 597 917 archiducisse
621 849 744 912 ratione
771 850 853 914 dotis
875 851 1003 927 existit,
1039 873 1110 914 eum
1146 853 1367 936 prepositura,
1393 875 1454 935 que
1487 853 1521 916 in

317 957 402 1021 dicta
424 955 554 1020 ecclesia
576 954 715 1039 dignitas
749 955 935 1038 principalis
959 956 1085 1034 existit,
1121 959 1234 1041 cuique
1267 979 1342 1022 cura
1375 958 1522 1021 imminet

318 1062 516 1136 animarum,
548 1063 580 1123 et
602 1061 672 1122 octo
695 1080 734 1122 ex
756 1058 1001 1124 Ganonioatibus
1025 1065 1057 1124 et
1079 1062 1248 1144 prebendis
1269 1061 1371 1146 ipsius
1395 1063 1522 1127 ecclesie

317 1188 390 1231 cum
412 1163 609 1249 plenitudine
634 1162 710 1226 iuris
733 1163 877 1228 canonici
900 1187 935 1228 ac
958 1166 1104 1230 omnibus
1128 1167 1248 1231 iuribus
1270 1173 1301 1230 et
1316 1167 1519 1250 pertinentiis

318 1272 383 1336 suis
406 1273 438 1334 et
461 1269 582 1334 duabus
605 1265 712 1331 terciis
734 1267 878 1350 partibus
909 1269 1169 1352 quotidianarum
1188 1272 1445 1335 distributionum
1470 1272 1517 1334 di·

317 1377 402 1440 uinis
425 1373 538 1440 officiis
561 1373 595 1436 in
618 1371 702 1435 diota
725 1373 855 1437 ecclesia
878 1374 1138 1442 interessentibus
1158 1379 1334 1441 ministrari
1350 1377 1517 1442 solitarum

319 1486 374 1546 aut
397 1481 538 1564 ipsarum
561 1478 645 1541 iusto
669 1476 773 1541 valore
796 1479 834 1542 ad
858 1480 1071 1563 parochialem
1094 1482 1254 1546 ecclesiam
1271 1481 1301 1546 S.
1320 1481 1448 1567 Georgii
1471 1482 1521 1544 iu-

321 1585 421 1671 signia
436 1583 523 1668 opidi
537 1581 701 1665 Tubing
711 1581 732 1644 h
744 1604 760 1646 e
770 1606 789 1645 n
807 1584 889 1648 dicte
904 1585 1043 1664 diocesis,
1068 1609 1128 1670 que
1143 1587 1333 1651 monasterio
1353 1587 1386 1650 in
1398 1586 1520 1650 Beben-

317 1692 418 1755 husen
442 1687 658 1752 Gisterciensis
682 1687 802 1751 ordinis
836 1689 918 1754 dicte
949 1691 1079 1755 diocesis
1104 1692 1252 1756 canonice
1275 1696 1323 1755 est
1346 1713 1468 1755 annexa
1490 1693 1522 1754 et

317 1799 502 1880 perpetuum
518 1791 615 1858 habet
630 1791 791 1870 vicarium,
815 1798 847 1858 et
870 1795 903 1858 in
920 1818 983 1878 qua
998 1797 1161 1862 duodecim
1176 1802 1326 1881 perpetue
1338 1795 1520 1879 Gapellanie

317 1901 448 1966 fundate
469 1898 629 1974 existunt,
665 1897 703 1962 de
738 1898 924 1963 dilectorum
958 1901 1097 1966 filiorum
1120 1901 1256 1966 Abbatis
1283 1905 1315 1964 et
1338 1899 1520 1964 Conuentus

318 2004 395 2070 dicti
417 2001 603 2068 Monasterii
627 2001 660 2064 in
685 2001 896 2070 Bebenhusen
924 2027 1093 2082 consensu,
1128 2007 1355 2071 transferretur
1388 2009 1420 2068 et
1453 2004 1522 2088 ipsa

318 2107 447 2174 eeclesia
479 2105 511 2170 S.
547 2103 676 2190 Georgii
710 2105 743 2170 in
786 2107 987 2194 collegiatam
1022 2109 1186 2174 ecclesiam
1222 2133 1293 2175 eum
1329 2109 1523 2192 quibuslibet

318 2211 536 2297 collegialibus
560 2209 709 2294 insigniis
734 2233 856 2276 necnon
882 2212 1003 2276 iuribus
1028 2214 1299 2279 iurisdictionibus
1322 2214 1522 2298 preeminen-

319 2318 373 2382 tiis
405 2314 608 2380 libertatibus
630 2315 889 2380 immunitatibus
922 2317 1095 2383 honoribus
1119 2324 1151 2383 et
1173 2319 1351 2404 priuilegiis
1380 2319 1522 2382 adinstar

319 2421 558 2506 collegiatarum
580 2419 715 2482 aliarum
739 2421 941 2486 ecclesiarum
963 2423 1091 2488 illarum
1115 2423 1264 2506 partium,
1288 2427 1320 2486 et
1338 2423 1407 2506 ipsa
1423 2422 1520 2487 eccle-

318 2527 366 2592 sia
387 2524 417 2590 S.
443 2523 577 2590 Martini
609 2523 642 2586 in
666 2526 894 2590 monasterium
917 2527 1149 2592 Canonieorum
1171 2527 1378 2612 Regularium
1402 2526 1522 2590 ordinis

318 2631 349 2697 S.
373 2628 547 2714 Augustini
578 2627 758 2694 huiusmodi
793 2652 863 2694 cum
895 2632 1079 2696 dormitorio
1112 2637 1144 2698 et
1173 2633 1244 2696 aliis
1268 2630 1449 2695 necessariis
1473 2631 1521 2692 ol·

318 2736 420 2802 ficinis
453 2756 511 2818 pro
545 2734 650 2817 priore
677 2737 708 2797 et
731 2739 890 2798 conuentu
915 2735 974 2800 sub
997 2736 1119 2802 dilectis
1141 2737 1216 2801 filiis
1239 2735 1385 2819 Gapitulo
1409 2735 1521 2799 Mona-

319 2840 408 2905 sterii
431 2840 466 2902 in
481 2837 771 2902 Windeshem1
787 2840 924 2904 eiusdem
940 2840 1060 2906 ordinis
1076 2840 1105 2905 S.
1119 2840 1294 2926 Augustini
1311 2839 1521 2904 Traiectensis

318 2945 449 3010 diocesis
473 2943 678 3027 erigerentur,
705 2965 743 3006 ex
766 2942 825 3008 hoc
848 2944 909 3027 ipsi
932 2946 1112 3028 prepositus
1136 2949 1167 3009 et
1183 2945 1330 3009 Canonici
1351 2945 1520 3008 securiores

318 3052 423 3114 essent
445 3053 478 3112 et
500 3047 628 3110 diuinus
651 3047 759 3110 cultus
782 3067 846 3112 non
870 3049 1068 3113 mediocriter
1091 3054 1229 3114 sumeret
1251 3051 1489 3113 incrementum.

405 3153 507 3228 Quare
530 3175 588 3236 pro
612 3157 703 3236 parte
733 3152 890 3216 dictorum
913 3152 1088 3218 Eberhardi
1112 3155 1238 3220 comitis
1263 3157 1295 3216 et
1317 3152 1520 3216 blechtlrildis

318 3258 526 3325 arclriducisse
549 3258 640 3322 nobis
662 3257 735 3348 fuit,
748 3257 912 3322 humiliter
928 3260 1150 3343 supplicatum,
1175 3265 1211 3323 ut
1227 3260 1343 3322 dictam
1359 3257 1520 3322 ecclesiam

318 3364 349 3430 S.
374 3363 505 3428 Martini
539 3363 576 3426 ad
613 3363 714 3446 ipsam
742 3364 904 3428 eeclesiam
928 3363 957 3428 S.
985 3363 1112 3448 Georgii
1135 3385 1206 3427 cum
1229 3362 1429 3446 prepositura
1451 3365 1521 3424 octo

319 3468 556 3534 canonicatibus
592 3472 624 3531 et
658 3467 825 3551 prebendis
860 3489 896 3530 ac
931 3467 1051 3530 duabus
1087 3467 1230 3550 partibus
1260 3467 1521 3530 distributionum

319 3573 498 3640 huiusmodi
521 3572 694 3638 transferre
717 3571 867 3653 illamque
890 3571 924 3634 in
946 3570 1146 3654 collegiatam
1170 3557 1201 3636 et
1224 3570 1342 3634 dictam
1357 3569 1520 3634 ecclesiam

319 3677 349 3743 S.
374 3676 506 3744 Martini
538 3698 610 3740 oum
643 3675 729 3740 illius
762 3676 892 3740 edificiis
924 3680 954 3740 et
978 3675 1114 3739 claustro
1137 3676 1170 3740 in
1193 3674 1421 3739 Monustcrium
1445 3674 1522 3738 dicti

318 3782 437 3848 ordinis
460 3781 490 3847 S.
504 3781 689 3867 Augustini,
715 3786 751 3845 ut
775 3779 942 3865 prefertur,
967 3779 1088 3864 erigere
1111 3780 1250 3863 ipsisque
1273 3779 1371 3862 priori
1396 3776 1521 3842 etCon-

318 3888 429 3953 uentui
450 3887 605 3970 reliquam
640 3891 765 3970 partem
801 3886 1062 3950 distributionum
1089 3885 1269 3948 huiusmodi
1292 3906 1349 3968 pro
1372 3883 1521 3946 anniuer-

319 3993 411 4058 sariis
445 3993 478 4056 in
513 3993 597 4056 dicta
631 3991 762 4056 ecclesia
792 3991 823 4056 S.
845 3991 977 4055 Martini
1012 3989 1215 4074 peragendis,
1251 4009 1372 4052 necnon
1409 4008 1522 4070 pascua

318 4119 447 4162 nemora
480 4102 512 4162 et
546 4097 777 4162 iurisdictiones
809 4097 909 4180 ipsius
943 4095 1070 4160 ecclesie
1092 4093 1122 4158 S.
1147 4093 1280 4158 Martini
1314 4094 1349 4156 in
1372 4091 1520 4154 districtu

318 4267 351 4274 ..-
360 4267 410 4273 .-.-.
418 4267 527 4274 -—.

391 4343 403 4395 1
432 4339 606 4394 Windsheim
633 4340 663 4394 in
687 4339 742 4394 den
765 4338 989 4402 Niederlanden,
1016 4335 1163 4405 Overyssel
1182 4337 1226 4391 bei
1245 4335 1360 4399 Zwolle,
1389 4333 1446 4388 Sita
1474 4332 1523 4388 der

319 4428 430 4484 Fratres
450 4429 516 4484 vitre
540 4428 701 4486 communis.
