3504 5322
545 445 680 502 Statuten
698 447 746 502 des
765 445 1000 502 Contuberniums
1022 447 1096 502 1536.
1354 447 1416 510 439

214 609 281 668 tum
306 607 358 683 sit,
383 629 445 671 non
471 606 599 672 abillis
622 609 786 684 tractetur,
810 627 919 670 eorum
941 625 1010 688 quae
1033 605 1211 689 praesertim
1234 606 1329 670 noxio
1350 630 1417 673 esre

212 712 344 789 soleant,
368 715 403 776 vt
424 716 500 776 sunt
529 733 619 776 arcus
650 715 682 776 et
705 733 775 795 quse
797 711 985 776 Bombardaa
1008 713 1178 788 vocantur,
1213 713 1245 774 et
1268 712 1417 797 quicquid

214 820 447 880 tormentorum
471 817 503 879 in
519 837 634 901 genere
649 815 754 880 fuerit.
801 815 880 881 Suos
896 816 1050 902 gladiolos
1066 819 1098 880 et
1121 838 1239 900 sperae,
1263 819 1288 880 si
1305 840 1415 884 recon-

212 921 293 985 ditos
317 920 495 998 habuerint,
520 921 553 984 in
576 921 831 986 habitationibus
849 923 985 986 retinere
1008 922 1092 1003 ipsos
1114 920 1261 1004 magistri
1275 922 1414 988 sinunto.

216 1024 250 1090 Si
272 1025 465 1112 protulerint
488 1029 520 1090 et
541 1026 711 1090 tractarint
732 1026 802 1092 sine
825 1049 918 1092 cause
940 1026 1104 1112 gestando,
1129 1026 1303 1092 adimunto.
1348 1028 1417 1104 Qua

209 1129 243 1192 in
267 1151 300 1194 re
322 1131 349 1193 si
371 1151 465 1212 quem
495 1131 640 1195 hebuerit
662 1132 851 1196 renitentem
876 1133 937 1196 sibi
950 1169 971 1210 ,·
984 1131 1075 1196 illum
1097 1132 1215 1197 indicat
1240 1133 1414 1197 ltectori

213 1233 536 1300 Vniuersitatis
566 1234 659 1300 huius
689 1237 797 1314 scolae,
833 1259 890 1302 auc
920 1238 1072 1302 mulctam
1103 1237 1218 1301 soluite
1251 1239 1415 1302 denarium

211 1339 307 1403 duum
330 1338 361 1402 id
394 1343 442 1404 est
464 1339 675 1404 cruciatorum
697 1338 766 1404 XV.

759 1511 865 1578 VIIII.

300 1656 334 1721 Si
366 1656 437 1740 quis
469 1655 505 1720 de
538 1654 679 1739 Collegio
702 1655 929 1740 Magistrorum
952 1653 1096 1718 boram
1119 1675 1226 1733 suam,
1259 1677 1353 1738 quam
1381 1657 1415 1720 in

212 1761 349 1826 docendo
379 1782 505 1826 seruare
526 1761 629 1825 iussus
651 1760 757 1838 luerit,
780 1782 843 1824 non
860 1761 975 1824 obierit
990 1760 1058 1824 siue
1072 1783 1129 1825 cua
1144 1764 1256 1845 sponte
1272 1761 1414 1840 mutarit,

216 1867 332 1932 soluite
364 1866 516 1930 mulctam
545 1866 755 1930 cruciatorum
789 1869 925 1949 quatuor
954 1869 985 1929 et
1016 1867 1049 1928 in
1073 1867 1197 1953 solenni
1221 1867 1415 1951 inspectione

213 1995 280 2038 sese
301 1972 449 2036 indicato.
495 1971 529 2037 Si
552 1972 662 2036 horam
691 1972 831 2055 aliquam
852 1972 887 2035 in
915 1972 1053 2036 docendo
1080 1972 1256 2058 neglexerit
1279 1974 1413 2055 questo-

214 2078 310 2156 ribus,
334 2077 409 2141 dum
438 2076 632 2160 stipendium
652 2077 808 2162 ¹recipiet,
842 2077 1076 2163 neglectionem
1109 2099 1197 2142 suam
1221 2076 1359 2142 indicato
1382 2080 1414 2140 et

213 2185 352 2271 debitam
374 2183 524 2247 mulctam
547 2183 673 2260 soluite,
697 2182 798 2266 adque
821 2183 887 2247 haec
908 2181 1052 2246 facienda
1076 2181 1281 2245 iureiurando
1304 2181 1414 2246 astric-

212 2293 263 2354 tus
286 2287 429 2353 habetor.

791 2459 830 2526 X.

298 2601 456 2666 Rector
479 2599 534 2684 qui
557 2600 590 2664 in
607 2598 821 2664 Contubemio
837 2599 1008 2665 conductus
1031 2601 1199 2684 stipendiis
1214 2599 1414 2666 Vniuersita·

211 2708 253 2772 tis
275 2707 369 2771 buius
393 2707 500 2784 docet,
533 2708 573 2770 ab
605 2707 751 2772 omnibus
775 2711 806 2770 et
828 2705 964 2791 singulis
994 2707 1028 2769 in
1051 2705 1265 2770 Contubernio
1288 2704 1414 2788 quidem

212 2835 276 2876 non
299 2811 529 2888 habitantibus,
552 2812 606 2876 sed
630 2812 668 2876 ad
693 2812 821 2876 illorum
838 2812 1016 2876 doctrinam
1031 2811 1270 2896 percipiendam
1285 2811 1413 2875 venien-

210 2917 295 2980 tibus
325 2916 651 3001 promissionem
674 2916 1030 2982 contubernalem
1053 2916 1188 3001 exigito,
1212 2917 1307 2998 idque
1328 2915 1414 2979 intra

211 3020 276 3085 dies
299 3026 386 3098 octo,
417 3043 455 3084 ex
480 3041 541 3103 quo
564 3022 707 3085 extranei
729 3021 989 3086 contubernalem
1013 3020 1192 3085 doctrinam
1213 3021 1413 3103 frequentare

209 3127 373 3209 coeperint.
429 3123 474 3189 Ni
506 3124 618 3190 fecerit
648 3148 774 3210 poenam
799 3127 954 3190 sustineto
985 3125 1171 3190 arbitrio
1194 3125 1413 3209 praesidum

207 3229 432 3294 Contubernii.

780 3400 836 3467 XI.

296 3540 383 3607 Idem
406 3547 438 3608 et
459 3542 716 3630 paedagogarcbae
732 3543 911 3609 faciendum
935 3549 1031 3630 atque
1053 3545 1183 3610 omnino
1206 3545 1245 3610 ed
1267 3543 1358 3608 illum
1380 3547 1412 3609 et

208 3648 376 3733 magistros
392 3647 445 3732 qui
470 3649 503 3711 in
526 3647 709 3734 paedagogio
733 3649 889 3713 curabunt
912 3651 1071 3734 pertinere
1094 3650 1201 3714 omnia
1224 3649 1410 3734 putandum,

208 3776 277 3838 quae
299 3755 333 3818 iu
357 3754 636 3818 contubernalibus
666 3753 949 3818 constitutionibus
973 3755 1194 3833 continentur,
1228 3758 1412 3819 conseruata

209 3862 315 3924 tamen
346 3857 529 3924 diuersitate
560 3859 711 3924 doctrinae
748 3862 780 3922 et
815 3859 956 3923 muneris
991 3859 1182 3946 paedagogice
1216 3862 1248 3923 et
1283 3859 1411 3943 puerilis

207 3965 309 4026 aetatis
333 3967 485 4049 respectu.

774 4137 848 4204 XII.

292 4275 403 4341 Munia
425 4298 495 4359 quse
517 4281 621 4342 essent
644 4278 823 4344 communia
846 4279 935 4342 omni
951 4277 1262 4364 Magistrorum
1285 4278 1432 4370 colle-¹

206 4383 290 4467 gio,
314 4404 377 4466 quo
400 4383 574 4447 accuratius
598 4389 760 4468 gerantur,
784 4384 954 4468 peculiaris
977 4384 1017 4449 ab
1045 4383 1178 4467 antiquo
1201 4405 1276 4446 cura
1298 4383 1410 4467 cuique

208 4487 406 4575 singularum
430 4486 661 4554 hebdomadum
677 4490 799 4556 dicmur
816 4489 1031 4568 demandatur,
1057 4489 1158 4572 quiet
1173 4509 1210 4552 ex
1232 4488 1292 4554 boc
1308 4487 1410 4554 Heb-
