3442 5314
513 480 538 533 Β.
568 475 702 530 Statuten
719 489 784 528 vom
802 471 826 526 9.
845 467 909 524 ort.
930 466 1005 522 147⁷.
1320 459 1362 526 59

157 668 279 730 cunque
302 642 510 708 hominem
532 635 737 700 inuadere
760 634 830 696 aut
851 627 1015 702 ledere,
1039 623 1188 708 precipue
1210 639 1361 704 precones

156 751 269 837 vigiles
292 752 325 813 et
347 749 467 813 ceteros
490 740 683 809 confamulos
707 741 761 802 aut
784 731 980 800 confamulas
1004 727 1099 793 huius
1121 724 1280 802 ciuitatis,
1305 726 1361 788 aut

157 857 197 923 ab
227 854 291 922 illis
322 852 370 917 vel
400 872 509 917 eorum
541 847 648 931 aliquo
678 843 846 928 quitquam
877 842 1064 921 extorquere
1096 833 1262 917 presumat
1297 826 1363 892 Sub

158 983 240 1048 pena
254 957 385 1025 carceris
400 953 580 1041 quindecim
603 951 726 1017 dierum
749 952 805 1014 aut
819 946 954 1010 duorum
968 941 1160 1006 florenorum
1179 934 1230 999 vel
1246 932 1362 997 saltem

157 1067 221 1133 alia
242 1063 382 1151 grauiori
404 1083 502 1146 pena,
535 1079 592 1144 per
613 1054 854 1122 uniuersitatem
883 1050 973 1114 iuxta
995 1063 1137 1109 excessus
1160 1038 1359 1124 qualitatem,

157 1168 331 1256 infligenda
352 1166 412 1234 Sed
434 1165 535 1230 vitam
557 1164 650 1228 ducat
671 1160 839 1225 honestam
861 1160 894 1222 et
924 1175 981 1217 suo
1003 1149 1101 1216 stetui
1123 1145 1361 1230 congruentem,

159 1279 315 1361 quatenus
337 1273 377 1337 ad
398 1268 604 1336 scientiarum
626 1271 658 1330 et
679 1263 836 1328 virtutum
859 1258 981 1344 apicem
1010 1251 1200 1319 transuectis
1230 1247 1269 1312 ab
1292 1245 1363 1311 aliis

160 1378 299 1465 amplius
323 1373 495 1441 collaudari
517 1371 629 1436 valeat.

244 1483 328 1548 Item
351 1480 457 1545 nullus
485 1475 701 1552 studentium,
737 1489 894 1536 murum
917 1465 1010 1530 huius
1032 1458 1173 1527 ciuitatis
1195 1451 1362 1522 ascendere

162 1591 324 1675 presumat
346 1585 411 1651 Sub
434 1605 516 1670 pena
538 1579 735 1648 exclusionis.

160 1832 296 1897 Tenon
326 1828 560 1895 iuramenti
584 1826 628 1892 ad
653 1821 912 1890 delationem
939 1807 1133 1880 Rectoris
1162 1826 1235 1891 per
1265 1800 1364 1867 inti·

525 1931 753 1998 tulandum
777 1919 1009 2013 prestandi.

258 2112 381 2178 Vos-
397 2110 519 2175 innatis
541 2108 626 2190 qnod
647 2106 688 2171 ab
709 2105 769 2170 tce
790 2101 871 2165 nora
892 2099 1024 2162 inantea
1046 2088 1155 2174 fidelis
1178 2084 1273 2151 eritis
1294 2081 1366 2146 vni

164 2217 319 2281 nersiiati
337 2213 552 2296 Taruinpensi,
575 2211 668 2276 itlius
691 2206 851 2273 commoda
868 2223 933 2284 pro
951 2217 1050 2280 posse
1073 2199 1102 2260 et
1124 2209 1218 2256 nosse
1235 2205 1365 2268 pronco-

161 2321 280 2398 nendo,
312 2319 510 2384 incommodo
542 2315 714 2381 contendo
747 2309 938 2388 Rectoriqne
968 2300 1110 2369 eusdem
1138 2289 1366 2360 uniuersitatis

155 2444 220 2506 pro
244 2429 384 2504 tempore
407 2423 559 2488 existenti
581 2425 638 2485 oret
660 2417 753 2483 itlius
784 2415 870 2479 vices
890 2408 1015 2495 perenti
1037 2405 1072 2470 in
1096 2398 1197 2466 licitis
1220 2401 1250 2460 et
1271 2395 1365 2459 tone·

161 2529 226 2594 stis
258 2529 353 2593 eritis
383 2527 563 2593 obedientes
590 2524 721 2590 Stantia
743 2521 879 2600 deniqne
901 2521 930 2580 et
953 2506 1191 2580 ordinationes,
1223 2501 1312 2565 edita
1334 2502 1364 2562 et

160 2633 300 2711 εᾱεηᾱα,
325 2637 426 2712 prout
449 2637 569 2696 statum
590 2633 732 2694 cestrum
754 2625 956 2697 concernunt,
977 2614 1115 2700 tinnitor
1136 2604 1363 2674 obsernobitis.

160 2735 364 2821 Respondeat
386 2735 619 2801 intitulandus:

250 2841 305 2908 Itu
325 2842 409 2920 inre,
431 2841 516 2923 pared
536 2859 585 2904 me
607 2839 687 2902 dens
709 2835 839 2900 adiuvet
870 2838 899 2898 et
924 2833 1107 2896 secretorum
1127 2815 1365 2906 cecnpetiornne

163 2947 346 3014 conditores

417 3049 578 3116 Jotonnis
607 3087 642 3095 -
668 3044 710 3109 In
728 3043 896 3126 principio
919 3044 990 3105 erat
1018 3037 1148 3103 verbnm

162 3155 377 3240 &metram
417 3157 504 3222 Luce
527 3191 567 3201 -
591 3151 687 3218 Exiit
707 3151 844 3216 edictam
866 3169 886 3212 n
909 3164 1017 3211 cesare
1039 3142 1186 3223 Aeepnsto

421 3259 559 3326 Mutttei
584 3293 622 3305 -
647 3257 746 3321 Liber
765 3251 985 3337 pencruticnia
1007 3247 1089 3313 desc
1109 3245 1235 3311 Ctristt
1257 3249 1312 3309 etc.

251 3363 368 3430 Nullus
399 3363 506 3448 itaque
538 3361 576 3426 ad
612 3361 751 3443 aliquam
780 3355 971 3441 suscipiatur
1004 3349 1267 3426 facultatem,
1302 3347 1364 3410 nisi

164 3467 253 3554 prius
275 3468 541 3532 immatriculatns
573 3464 752 3548 reperiatur
780 3457 979 3526 vniuersitati
1002 3454 1226 3541 Receptionem
1256 3451 1368 3516 huius-

165 3572 252 3638 modi
276 3572 439 3637 irritantes
462 3571 495 3636 si
518 3591 605 3636 secus
627 3571 844 3653 attemptetur.

251 3675 393 3751 Quilibet
415 3675 512 3740 etiam
534 3672 734 3756 recipiendus
758 3671 796 3736 ad
819 3669 1059 3734 uniuersitatem
1088 3664 1192 3730 soluat
1215 3682 1288 3748 pro
1310 3663 1368 3726 in-

164 3779 402 3846 titulatura
423 3801 477 3844 sex
493 3779 608 3843 solidos
624 3777 783 3843 hallenses
806 3776 886 3840 citra
906 3773 957 3839 vel
977 3771 1071 3849 ultra,
1095 3772 1190 3854 prout
1213 3768 1367 3852 placuerit

116 3927 120 3936 -
164 3884 366 3950 uniuersitati
395 3883 614 3948 ordinandum.
670 3881 703 3947 Si
737 3903 810 3946 vero
835 3879 951 3945 nobilis
972 3877 1085 3954 fuerit,
1116 3877 1235 3938 statum
1257 3877 1369 3938 tenens

166 3992 201 4053 vt
223 3990 301 4054 baro
324 4009 426 4056 eomes
448 3990 498 4054 vel
520 3988 630 4064 maior,
654 3987 759 4052 soluat
782 3987 821 4050 ad
845 3985 996 4049 honorem
1019 3982 1068 4046 sui
1082 4001 1179 4044 vnum
1202 3979 1365 4044 florenum.

250 4092 370 4158 Prolati
392 4115 465 4160 vero
488 4097 520 4157 et
541 4092 683 4157 volentes
705 4091 804 4156 locari
826 4091 861 4154 in
885 4089 997 4173 primis
1019 4085 1154 4151 scamnis
1177 4085 1305 4150 soluant
1328 4082 1368 4148 ad

165 4199 270 4263 minus
292 4219 392 4262 vnum
406 4199 560 4264 florenum
575 4197 623 4262 De
647 4196 762 4280 quibus
786 4195 928 4280 pedellus
951 4191 1081 4257 habebit
1096 4193 1232 4274 quatuor
1254 4188 1370 4254 solidos

147 4301 207 4388 Et
228 4303 267 4367 de
290 4301 350 4366 hoc
372 4303 486 4368 salario
511 4302 712 4366 intitulature
727 4301 843 4366 Rector
860 4298 942 4364 nulli
965 4317 1092 4382 parcere
1112 4295 1205 4359 debet
1228 4295 1370 4380 alioquin

165 4408 203 4472 de
224 4427 281 4472 suo
303 4407 416 4486 soluat,
439 4412 495 4472 aut
518 4407 555 4471 de
579 4407 646 4471 eius
662 4411 752 4492 parte
767 4404 951 4482 defalcetur,
975 4401 1036 4466 nisi
1055 4421 1149 4465 causa
1170 4399 1371 4464 rationabilis

165 4511 286 4588 subsit,
318 4533 413 4596 quam
435 4511 552 4578 Rector
583 4517 661 4578 tunc
691 4515 832 4597 apponat
862 4509 1043 4589 intitulato,
1073 4510 1229 4591 quatenus
1259 4506 1369 4572 taliter
