3464 5318
485 467 529 521 22.
548 466 700 524 conductio
718 466 794 522 Petri
813 465 901 520 Bruni
919 467 996 521 1503.
1312 467 1371 530 111

168 628 284 712 piends
306 625 447 712 iusignia
469 626 643 692 doctoralia
666 626 698 688 in
721 623 882 710 theologia
910 623 1124 708 [procedam]‚
1159 643 1230 686 cum
1256 623 1373 687 sotium

170 735 286 798 babere
310 753 434 817 possem
458 738 514 799 aut
536 731 615 796 alies
639 729 800 795 commode
822 729 891 794 fieri
914 732 1029 814 posset.

257 839 365 922 Atque
397 859 448 903 me
479 837 518 902 ad
551 836 735 902 continuam
758 835 954 918 personalem
984 832 1268 898 residentiam
1292 833 1373 898 obli·

170 944 245 1030 gaui
275 942 572 1025 ordinationemque
602 941 636 1004 in
668 939 830 1024 premissis
862 944 927 1004 tam
951 938 1092 1004 Illustris
1121 938 1242 1004 domini
1272 939 1374 1004 nostri

171 1070 266 1132 qnam
288 1047 507 1112 uniuersitatis
531 1049 563 1110 et
584 1044 747 1110 facultatis
780 1044 994 1128 predictorum
1018 1043 1057 1108 de
1078 1042 1171 1106 modo
1194 1044 1320 1130 legendi
1343 1049 1376 1110 ct

171 1154 250 1218 alias
273 1174 329 1238 per
351 1153 468 1230 omnia,
492 1156 588 1236 pmut
609 1153 750 1216 nostram
773 1147 985 1234 theologicam
1003 1149 1186 1214 falcultatem
1201 1150 1373 1227 concernit,

174 1279 211 1322 ac
232 1256 411 1322 obedientia
434 1278 496 1340 qua
518 1254 690 1320 secundum
714 1258 833 1320 statum
856 1276 962 1320 mcum
987 1255 1128 1339 generali
1150 1255 1289 1340 capitulo
1313 1255 1375 1320 ele·

170 1362 307 1428 ricorum
335 1362 522 1428 secularium
554 1361 643 1426 vite
674 1361 910 1426 communis
934 1358 1081 1424 Almanic
1110 1359 1174 1424 alte
1195 1359 1320 1445 obligor
1342 1360 1376 1423 in

171 1467 320 1532 omnibus
341 1487 464 1551 semper
487 1466 593 1531 saluis.

257 1572 320 1638 Pro
342 1572 430 1638 cuius
452 1572 498 1638 rei
520 1571 653 1636 firmiori
675 1570 881 1637 subsistentia
902 1592 962 1657 ego
985 1569 1097 1636 Petrus
1121 1568 1208 1634 Bron
1231 1566 1374 1654 prefatus

174 1677 408 1746 ordinationem
430 1676 673 1744 conductionem
696 1682 728 1741 et·
743 1677 992 1762 assumptionem
1008 1675 1164 1760 predictas
1179 1675 1376 1760 presentibus

171 1788 285 1868 sponte
314 1786 347 1848 et
375 1781 473 1846 libere
495 1781 573 1846 duxi
596 1782 822 1867 acceptandas,
857 1782 946 1848 cuites
975 1782 1095 1848 intuitu
1118 1782 1157 1846 ad
1179 1780 1321 1846 omnium
1345 1784 1377 1845 et

171 1889 373 1974 singulorum
401 1887 626 1972 premissorum
657 1908 693 1952 ac
716 1887 851 1952 aliorum
873 1886 910 1951 in
932 1886 1033 1952 literis
1055 1884 1274 1950 conductionis
1296 1884 1376 1950 mihi

172 2016 230 2079 per
258 1993 375 2058 dictam
396 1991 648 2058 Vniuersitatem
678 1992 806 2057 traditis
838 1991 1134 2076 comprehensorum
1163 1989 1378 2059 executionem

173 2103 207 2163 et
229 2098 463 2164 obseruantiam
486 2097 595 2162 firmas
618 2101 650 2162 et
671 2097 870 2164 inviolabiles
893 2119 944 2162 mc
966 2097 1110 2182 astringo
1132 2101 1164 2160 et
1186 2095 1312 2181 obligo,
1342 2115 1379 2160 ac

174 2203 386 2270 iurisdictioni
408 2207 441 2267 et
462 2203 634 2269 coerctioni
656 2204 798 2268 omnium
822 2207 853 2269 et
877 2203 1076 2289 singularum
1099 2202 1258 2268 curiarum
1280 2198 1377 2264 cccle-

177 2310 387 2387 siasticarum‚
411 2310 514 2392 quoad
538 2331 593 2388 ea,
616 2331 666 2374 mo
688 2310 841 2394 subijcerc
862 2309 1006 2386 volendo,
1029 2308 1152 2372 monita
1174 2327 1209 2370 ac
1231 2306 1380 2390 prerepto

177 2435 216 2479 ac
236 2435 398 2498 processus
421 2415 584 2480 curiarum
598 2413 778 2480 huiusmodi
800 2418 832 2478 et
854 2413 1003 2479 iuditium
1018 2411 1189 2478 eorundem
1211 2410 1249 2475 de
1271 2410 1378 2474 obser·

176 2519 291 2584 uandis
313 2518 476 2604 premissis
506 2520 646 2606 recipere
677 2525 784 2586 tenere
815 2521 913 2586 ateis
936 2520 1071 2585 fideliter
1093 2541 1218 2604 parere,
1249 2514 1379 2582 abillis

176 2646 245 2689 non
266 2643 446 2708 prouocare,
470 2646 527 2689 nec
545 2626 649 2710 ipsam
671 2648 723 2690 seu
745 2626 830 2712 ipses
852 2625 1082 2712 supplicatione
1096 2622 1147 2689 vel
1161 2623 1194 2689 iu
1217 2623 1380 2708 integrum

175 2729 379 2795 restitutione
407 2729 458 2792 vel
488 2729 672 2794 reductione
694 2731 730 2794 ad
766 2729 934 2794 arbitrium
956 2729 1032 2794 boui
1054 2728 1116 2792 viri
1137 2731 1193 2793 aut
1214 2727 1278 2792 alia
1300 2747 1378 2810 qua-

177 2857 314 2919 onmque
335 2855 430 2899 causa
451 2857 640 2920 repugnare,
665 2836 718 2900 sed
740 2855 796 2919 per
817 2835 897 2899 tales
920 2834 1037 2899 iudices
1053 2836 1085 2897 ct
1099 2831 1249 2896 mandata
1264 2851 1377 2894 eorun-

173 2941 248 3004 dem
269 2939 364 3024 ligari
387 2939 459 3024 cogi
481 2943 514 3004 ct
535 2939 685 3023 compelli
707 2938 862 3023 usquead
883 2937 1009 3023 plenam
1033 2936 1256 3022 premissorum
1270 2934 1379 2998 obser·

172 3045 346 3122 nationem,
379 3043 569 3128 promittens
603 3043 814 3108 nihilominus
845 3043 928 3108 bona
957 3043 1018 3108 fide
1041 3041 1168 3106 nomine
1191 3037 1380 3105 sacramenti

173 3149 347 3214 conductus
376 3154 409 3216 ct
439 3156 619 3235 assumptus
649 3149 791 3234 predicta
822 3152 853 3214 et
886 3148 948 3214 alia
971 3149 1144 3212 memorata
1175 3165 1225 3209 me
1255 3145 1381 3208 ratast

175 3257 270 3340 grata
304 3253 488 3319 habiturum
519 3257 671 3339 perpetuo
694 3257 790 3337 atque
811 3254 918 3318 firmas
940 3257 973 3317 et
993 3253 1099 3327 firma,
1129 3272 1186 3314 nec
1215 3253 1325 3313 contra
1346 3267 1382 3311 ea

175 3361 211 3424 in
234 3362 302 3424 toto
325 3360 374 3424 vel
397 3359 430 3423 in
453 3364 544 3444 parte
565 3359 667 3424 faeere
690 3359 739 3424 vel
761 3357 980 3423 contrauenirc
1010 3378 1047 3420 ex
1078 3375 1264 3439 quacunque
1287 3375 1381 3417 causa

174 3484 232 3548 per
255 3483 304 3526 me
327 3464 377 3526 vel
399 3464 497 3528 alium
520 3485 575 3529 seu
596 3463 675 3529 alios
698 3463 768 3529 iure
789 3462 839 3528 rel
861 3461 945 3527 facto
966 3461 1091 3545 publice
1113 3461 1163 3524 vel
1186 3459 1306 3523 occulte
1328 3458 1376 3522 di-

179 3572 264 3632 recte
286 3568 336 3632 vel
358 3568 512 3634 indirecte
537 3569 651 3654 quouis
675 3569 799 3654 quesite
822 3567 952 3655 ingenio
982 3567 1031 3632 vel
1054 3565 1156 3630 colore
1177 3585 1280 3647 neque
1302 3585 1378 3629 con·

176 3672 329 3736 traiecere
358 3673 477 3738 volenti
512 3673 712 3758 aliquatenus
745 3673 923 3738 consentire
953 3676 1009 3737 aut
1038 3669 1205 3736 consilium
1228 3668 1382 3734 auxilium

177 3776 228 3840 vel
249 3799 342 3860 opem
364 3782 514 3862 prestare,
539 3777 585 3841 nil
602 3779 799 3842 contrarium
822 3777 1036 3860 undecumque
1052 3775 1230 3859 impetrare,
1254 3795 1311 3857 per
1333 3792 1383 3837 me

175 3881 227 3964 val
250 3881 347 3944 alium
370 3882 549 3967 impetratis
572 3882 622 3947 val
645 3882 854 3966 impetrandis
877 3881 1111 3967 quomodolibet
1138 3881 1185 3945 vti
1207 3884 1239 3943 et
1262 3880 1402 3964 speeie·

177 3987 252 4050 liter
271 4007 338 4050 non
361 3987 495 4052 tolerare
524 4009 581 4072 per
603 4009 653 4051 me
675 3987 724 4052 vel
748 3987 846 4052 alium
869 3989 919 4052 vel
942 3987 1020 4052 alios
1044 3985 1168 4071 publice
1190 3985 1237 4048 vel
1262 3983 1382 4050 occulte

177 4091 296 4156 directe
310 4091 359 4155 vel
375 4091 527 4156 indirecte
545 4093 656 4176 quouis
673 4094 796 4178 quesite
812 4093 941 4178 ingenio
956 4092 1006 4157 vel
1023 4093 1133 4168 colore,
1149 4094 1184 4154 vt
1203 4089 1314 4154 amois
1330 4110 1382 4153 su·

175 4195 355 4282 perietibus
372 4217 499 4260 reuoccr
514 4219 533 4260 a
548 4199 682 4264 lectione
698 4197 832 4283 prefate,
854 4197 913 4262 sub
927 4196 1053 4282 prestiti
1076 4195 1245 4260 iuramenti
1268 4195 1382 4260 debito.

265 4299 464 4364 Renuntians
486 4299 583 4365 etiam
607 4306 721 4386 sponte
743 4303 778 4367 in
800 4301 863 4366 biis
878 4301 1025 4366 omnibus
1048 4321 1084 4364 ac
1105 4299 1188 4364 circa
1211 4319 1248 4363 ea
1270 4319 1381 4384 excep·

173 4405 258 4470 tioui
288 4404 352 4468 doli
383 4405 460 4469 mali
489 4409 593 4470 metus
622 4411 655 4472 et
688 4407 858 4472 coactionis
886 4406 1025 4470 cuiusuis
1048 4406 1081 4469 iu
1106 4404 1226 4469 factum
1248 4399 1383 4472 actionis

173 4515 209 4576 et
232 4509 440 4574 condictionis
472 4510 606 4576 indebiti
642 4517 673 4576 et
704 4513 772 4576 sine
794 4533 905 4592 causa,
941 4509 1093 4574 beneficio
1116 4509 1327 4574 restitutionis
1351 4509 1383 4576 in
