3424 5308
393 489 456 552 658
943 485 1029 542 1584.

417 649 445 706 9.
470 641 647 706 Ludouieus
670 641 877 706 Osehenbaeh
902 641 1134 726 (Ochaenbaeh)
1161 664 1198 704 ex
1223 641 1398 726 Tubingen
1426 645 1488 703 20.

396 753 444 812 10.
468 746 625 830 Josephus
648 745 748 809 Maier
770 769 789 809 a
811 746 1029 831 Lyehtenfells
1054 751 1104 810 29.

396 859 444 916 ll.
469 850 630 915 Johannes
653 850 856 916 Sebastianus
881 875 899 916 a
920 850 1130 916 Westernaeh
1160 855 1210 914 29.

897 957 1091 1021 Decembris,

396 1067 444 1125 12.
469 1061 647 1126 Alexander
671 1061 817 1146 Blessing
840 1063 877 1125 de
901 1061 1039 1125 Kirehen
1065 1068 1079 1124 l
1105 1083 1130 1125 s.
1160 1066 1206 1124 ll.

396 1169 444 1229 13.
468 1166 616 1231 Kilianus
640 1166 767 1230 Vessler
790 1188 827 1230 ex
852 1166 1020 1249 Tubingen
1047 1171 1097 1229 11.

399 1277 446 1334 l4.
472 1271 589 1354 caspar
611 1271 754 1335 Summer
777 1273 814 1334 de
839 1271 1024 1356 Thillingen
1048 1274 1098 1334 20.

398 1383 446 1441 15.
471 1376 661 1440 Cristoferus
685 1376 827 1441 Binnder
849 1377 886 1440 de
910 1376 1102 1460 Gretzingeu
1127 1378 1178 1439 20.

949 1479 1046 1544 1535.

912 1586 1067 1651 Januarii.

397 1673 1247 1776 mmmmmffifflm‘

906 1796 1079 1861 Februarii.

397 1906 447 1964 17.
471 1900 608 1966 Jacobus
631 1900 791 1966 Hartman
816 1924 853 1965 ex
876 1901 1016 1966 Durlaeh
1041 1907 1070 1965 9.

397 2013 445 2070 18.
471 2006 621 2072 Nicolaus
645 2007 765 2072 Marius
789 2030 825 2072 ex
853 2008 1032 2093 Ntrlingen
1059 2011 1109 2070 23.

934 2111 1052 2175 Martii.

399 2221 446 2280 19.
472 2215 644 2301 Gregorius
668 2222 686 2282 a
709 2217 833 2282 Stetten
858 2217 1065 2301 Augustanus
1088 2222 1120 2280 8.

396 2325 446 2385 20.
471 2319 637 2385 Jonsssas
663 2322 829 2386 Scauriana
853 2344 890 2385 ex
910 2321 1049 2385 Kirehen
1073 2322 1131 2385 sub
1154 2319 1282 2386 Theekh
1301 2325 1331 2382 8.

396 2429 445 2487 21.
471 2423 633 2490 Johannes
655 2427 790 2491 Sehraut
811 2449 849 2491 ex
875 2426 1065 2511 Thiibingen
1094 2433 1108 2489 1
1134 2450 1157 2490 a.
1182 2433 1211 2490 8.

396 2531 446 2590 22.
470 2526 621 2594 Nieolaus
646 2530 789 2596 Promius
813 2532 1090 2596 Franekfordanus
1117 2538 1166 2596 ll.

397 2639 446 2697 23.
469 2633 611 2700 Johanes
635 2636 772 2701 Jaeebus
796 2638 980 2702 Varnbiller
1003 2659 1040 2702 ex
1064 2635 1219 2701 Lindouw
1247 2641 1292 2698 11.

395 2745 446 2802 24.
470 2739 598 2804 Vlrieus
623 2741 826 2806 Varnbieller
848 2743 1084 2807 Wormaeensis
1111 2750 1157 2807 ll.

396 2847 446 2908 25.
470 2843 655 2910 Franciseus
679 2846 863 2910 Varnbiller
886 2846 1121 2912 Wormaeensis
1148 2854 1196 2911 ll.

931 2951 1061 3036 Aprilis.

396 3059 446 3118 26.
473 3055 623 3120 Albertus
636 3053 834 3142 Arbogastus
857 3059 938 3120 dom.
954 3057 1038 3122 Baro
1058 3059 1095 3122 de
1107 3057 1242 3122 Hebenn
1259 3055 1410 3138 (Heweu)
1441 3062 1456 3120 1
1475 3055 1557 3120 flor.
1577 3063 1622 3119 18.

482 3229 546 3294 Sub
578 3235 697 3294 rectore
728 3231 766 3295 D.
792 3231 1006 3296 Banrsasaan
1034 3231 1199 3296 Kessams
1227 3257 1245 3294 a
1267 3230 1351 3293 Phil.
1377 3234 1409 3292 et
1435 3231 1517 3294 Jae.
1547 3255 1620 3314 app.

395 3336 476 3398 sesto
499 3357 595 3418 vsque
619 3335 702 3400 Luae
725 3359 752 3400 a.
781 3338 862 3400 1535
891 3337 1058 3400 intitulati.

882 3513 1001 3577 Mensis
1024 3513 1111 3576 Maii.

422 3623 448 3679 l.
474 3616 629 3702 Georgius
653 3617 758 3682 Pistor
778 3619 815 3682 de
838 3618 949 3704 Ganga
974 3617 1145 3702 (Giengen)
1170 3621 1199 3680 4.

419 3725 447 3783 2.
472 3721 650 3785 Ludouieus
674 3721 833 3807 Knyesser
856 3725 894 3787 de
917 3722 1141 3806 Zwaybrieken
1166 3727 1196 3784 4.

419 3829 447 3886 3.
473 3825 706 3890 Baaronousus
730 3827 901 3891 Aussmus
923 3827 1042 3909 jurium
1067 3827 1177 3889 doctor·
1201 3823 1280 3886 nihil
1305 3823 1393 3888 dedit
1422 3829 1478 3890 10.

417 3936 448 3994 4.
471 3929 611 3995 Joannes
634 3929 853 4015 Speekmesser
876 3930 1077 4015 Bipontauus
1107 3935 1155 3994 18.

396 4094 602 4103 ——-.——-

468 4177 506 4229 15.
526 4175 562 4228 M.
582 4177 614 4228 Α.
637 4177 712 4240 1541,
738 4193 780 4229 ev.
800 4176 857 4229 Abt
873 4176 904 4229 in
923 4175 1065 4243 Adelberg
1085 4176 1160 4228 1565.
1183 4206 1209 4214 --
1234 4173 1273 4225 18.
1299 4171 1339 4225 Pf.
1367 4170 1398 4224 in
1419 4172 1624 4232 Meimsheim.

396 4291 427 4300 -
447 4261 489 4315 20.
510 4259 603 4319 8236.
623 4261 815 4324 Scheible,
835 4261 1105 4315 Scheubelius.
1127 4291 1155 4299 —
1177 4261 1219 4314 23.
1238 4259 1537 4323 Farrenbiller.
1561 4267 1627 4320 152·-

394 4349 424 4402 in
443 4347 629 4418 Wittenberg‚
652 4349 676 4402 J.
697 4348 729 4400 U.
748 4349 780 4402 D.
801 4349 868 4403 1535
889 4349 948 4403 Oct.
967 4380 999 4388 -
1020 4350 1061 4402 26.
1082 4349 1186 4402 Statth.
1207 4367 1240 4400 au
1253 4347 1459 4416 thpelgsrd
1482 4353 1567 4407 Crus
1596 4351 1628 4406 sd

397 4435 470 4488 1561.
508 4435 563 4490 Der
582 4437 665 4490 letata
684 4435 732 4490 des
753 4435 882 4490 Stemma.
903 4467 933 4475 —
956 4439 978 4490 1.
1000 4437 1036 4489 Μ.
1056 4437 1088 4488 A.
1111 4437 1185 4490 1538.
1215 4433 1286 4490 Med.
1306 4434 1339 4488 D.
1361 4466 1392 4473 —-
1413 4437 1443 4490 2.
1467 4441 1555 4495 wir-d
1575 4455 1626 4494 em

398 4523 463 4576 1542
482 4523 556 4575 buce.
580 4555 607 4561 —
630 4525 655 4576 3.
675 4524 701 4576 S.
722 4525 781 4577 171.
