3460 5314
335 460 397 524 352
799 453 1066 512 Facultas'llrtium.

333 686 1540 770 Juramentumpromouendorumantedispensacionem.

422 831 472 890 50.
498 825 632 909 Insuper
657 826 771 890 statuit
793 827 864 910 ipsa
885 826 1027 905 facultas,
1052 826 1135 910 quod
1158 827 1294 911 quilibet
1308 827 1536 892 Baocalaureus

333 932 383 998 vel
406 931 540 996 Smlaris
567 952 600 994 se
622 932 826 1015 temptamini
854 932 1042 1016 proaliquo
1071 932 1171 1017 gradu
1194 932 1391 996 summittere
1421 933 1539 1011 volens,
1624 942 1634 964 '

335 1123 451 1187 decano
485 1124 517 1186 et
547 1122 711 1207 magistris
744 1145 800 1206 per
827 1123 1013 1188 simultatem
1044 1124 1105 1188 sibi
1135 1126 1372 1210 condeputatis,
1403 1125 1539 1209 quilibet

335 1228 463 1293 scolaris
486 1233 677 1313 compareat,
701 1228 880 1293 huiusmodi
904 1231 1116 1294 iuramentum
1138 1225 1325 1314 prestando:
1371 1229 1444 1313 Epo
1466 1233 1539 1296 iuro

335 1340 364 1399 et
390 1333 545 1415 promitto
577 1333 668 1398 nobis
699 1335 826 1399 domiuo
856 1336 974 1400 decano
1005 1341 1035 1400 et
1064 1336 1179 1401 ceteris
1201 1336 1429 1416 condeputote‘s
1450 1337 1541 1401 cotis

334 1439 504 1521 moqisteis
537 1437 588 1501 bic
614 1439 844 1518 presentibus,
876 1439 961 1521 qaod
989 1459 1088 1520 saper
1109 1441 1255 1505 omnibns
1278 1441 1542 1523 intereoqotorc'js

331 1561 472 1624 percos
492 1541 673 1621 faciendis,
703 1545 869 1630 veritatem
892 1545 998 1609 dicere
1020 1545 1099 1624 oolo,
1127 1546 1198 1610 dolo
1221 1550 1251 1610 ct
1269 1545 1388 1625 froude
1405 1546 1541 1626 percitos

335 1648 475 1713 semotis.
524 1646 580 1713 Sic
609 1667 657 1711 me
679 1649 758 1714 deus
782 1651 915 1714 adiuuet
947 1655 977 1713 et
999 1655 1182 1714 sauctorum
1211 1650 1447 1733 conopeliornm
1468 1671 1542 1715 con·

335 1753 466 1818 ditores.

508 1925 812 2012 Interrogatur
833 1926 1148 2011 promouendus
1171 1927 1368 2007 scolaris,

422 2064 563 2130 Primo
594 2089 636 2131 an
670 2089 688 2130 a
718 2066 768 2130 die
791 2066 991 2131 intitulature
1022 2067 1055 2131 in
1086 2068 1285 2132 matriculam
1313 2067 1540 2146 uniuersitatis,

336 2192 434 2254 vsque
456 2170 490 2234 in
513 2170 708 2235 dominicam
732 2171 908 2254 proximam
932 2175 1004 2256 post
1027 2172 1200 2258 angariam,
1225 2173 1256 2236 in
1278 2194 1340 2256 qua
1362 2171 1542 2257 promoueri

338 2276 424 2354 velit,
449 2297 569 2339 annum
593 2297 665 2340 cum
692 2275 822 2340 dimidio
851 2278 1065 2361 compleuerit‚
1090 2278 1203 2342 stando
1218 2276 1376 2342 ordinarie
1391 2277 1425 2340 in
1447 2276 1544 2340 bursa

338 2384 393 2444 aut
417 2401 490 2444 eum
512 2379 717 2464 parentibus,
748 2380 1007 2463 consanguineis,
1031 2380 1210 2446 doctoribus
1233 2380 1283 2444 vel
1304 2379 1467 2464 magistris
1488 2400 1542 2444 seu

337 2485 414 2550 alias
444 2507 516 2550 cum
538 2485 758 2550 uniuersitatis
780 2489 813 2550 et
834 2486 994 2551 facultatis
1018 2486 1155 2563 licentia,
1177 2490 1213 2552 vt
1234 2485 1369 2550 habetur
1390 2484 1425 2547 in
1447 2483 1543 2548 titulo

337 2590 375 2654 de
397 2593 484 2654 statu
506 2590 712 2668 studentium,
743 2591 775 2654 in
793 2591 946 2675 capitulo:
982 2590 1064 2655 Item
1079 2591 1187 2655 nullus
1210 2590 1386 2654 scolarium.
1426 2588 1542 2654 Bacca·

337 2692 463 2758 laureus
488 2715 563 2759 vero
586 2693 813 2781 interrogetur,
837 2718 878 2759 an
901 2719 920 2760 a
935 2696 985 2761 die
1000 2719 1054 2761 sue
1069 2695 1277 2780 promotionis
1292 2716 1389 2777 vsque
1402 2693 1436 2757 in
1460 2692 1543 2757 diem

338 2797 503 2874 decimum,
528 2802 605 2883 post
627 2799 828 2864 admissionis
843 2801 925 2866 diem
941 2801 1163 2886 computando,
1188 2822 1307 2865 annum
1324 2819 1395 2864 cum
1411 2797 1541 2862 dimidio

337 2903 542 2988 compleuerit
565 2905 678 2970 stando
701 2909 864 2990 utsupra.

425 3007 618 3074 Secundo
649 3033 689 3074 an
712 3011 870 3076 audiuerit
892 3011 956 3096 legi
978 3033 1086 3075 omnes
1109 3010 1225 3088 libros,
1258 3009 1404 3074 videlicet
1426 3008 1541 3073 veteris

338 3114 416 3179 artis
439 3118 472 3178 et
494 3135 574 3179 noue
590 3113 714 3200 Logice,
739 3117 803 3180 suis
826 3116 893 3181 loco
918 3121 949 3180 et
966 3119 1117 3199 tempore,
1142 3115 1352 3200 acollegiatis
1368 3114 1417 3179 vel
1433 3135 1542 3178 eorum

338 3218 537 3297 substitutis,
572 3221 603 3282 et
626 3237 665 3281 ex
688 3224 777 3284 textu
802 3221 931 3305 proprio
954 3220 1004 3285 vel
1026 3220 1149 3299 alieno,
1173 3221 1219 3283 ita
1241 3223 1348 3285 tamen
1371 3219 1455 3304 quod
1478 3240 1543 3283 non

337 3323 399 3387 nisi
422 3323 601 3387 mettertius
625 3324 731 3387 fuerit.

425 3426 579 3492 Tercio
603 3450 641 3491 aa
666 3426 804 3492 audierit
828 3427 955 3512 singula
977 3427 1125 3493 exercitia
1148 3428 1186 3494 ad
1210 3429 1360 3514 gradum,
1385 3429 1424 3493 ad
1447 3449 1542 3512 quem

340 3531 480 3612 anhelat,
504 3533 658 3617 requisita
680 3533 806 3618 publice
823 3533 857 3596 in
873 3532 968 3597 bursa
983 3532 1051 3597 loco
1067 3537 1098 3597 et
1120 3538 1262 3619 tempore
1276 3555 1334 3616 per
1356 3532 1541 3598 facultatem

343 3639 382 3703 ad
405 3637 465 3702 hoe
486 3637 655 3721 deputatis,
679 3642 773 3702 etan
795 3638 963 3724 magistris
987 3659 1043 3722 pro
1066 3639 1227 3703 laboribus
1249 3638 1445 3703 satisfecerit.

426 3742 584 3818 Quarto
615 3766 656 3808 an
686 3743 859 3808 lectionum
890 3747 921 3807 et
956 3743 1177 3808 exercitiorum
1209 3766 1264 3827 per
1295 3765 1328 3807 se
1361 3742 1542 3807 auditorum

339 3848 571 3934 recognitiones
593 3848 717 3926 habeat,
743 3870 820 3932 quas
843 3851 920 3912 tunc
942 3852 1112 3932 presentet.

426 3952 587 4029 Quinto
610 3977 650 4018 an
682 3951 858 4040 signauerit
879 3953 1030 4018 lectiones
1051 3958 1083 4018 et
1109 3954 1267 4030 exercitia,
1290 3952 1404 4036 quibus
1427 3950 1540 4016 absens

338 4063 394 4123 sut
416 4058 603 4124 insolentias
627 4059 827 4124 commiserit.

427 4163 566 4229 Sexto
589 4187 630 4228 au
652 4164 829 4230 sabbatinis
852 4163 962 4229 diebus
986 4162 1123 4248 triginta
1138 4163 1290 4229 sessiones
1313 4160 1541 4248 magistrorum

340 4273 372 4332 et
394 4269 525 4334 totidem
547 4269 821 4334 baccalaureorum
847 4268 1054 4352 compleuerit
1076 4268 1185 4334 diebus
1209 4267 1383 4333 dominicis.

426 4373 607 4458 Septimo
638 4396 680 4439 an
711 4374 900 4439 satisfecerit
934 4375 1179 4439 conuentoribus
1209 4396 1267 4458 pro
1296 4395 1391 4437 censu
1421 4372 1542 4448 domus,

340 4478 438 4543 eciam
461 4479 546 4544 illius
570 4480 756 4544 unitationis
786 4480 820 4544 in
844 4501 906 4564 qua
928 4481 986 4557 est,
1010 4479 1156 4545 similiter
1171 4479 1331 4564 preposito
1346 4483 1379 4542 et
1394 4477 1545 4562 pincerne
