3460 5314
692 445 806 504 statuta
826 449 901 504 1538.
1327 457 1389 520 311

202 607 351 671 hactenus
372 609 498 685 usitata,
522 608 676 673 exhibeto.
723 609 761 672 In
778 631 910 692 quarum
927 611 1145 676 consecutione
1159 611 1288 678 florinus
1310 637 1390 679 vnus

199 713 402 795 persoluitor,
439 715 526 778 cuius
558 736 631 799 pars
654 737 715 779 vna
737 713 881 792 Docebo,
912 716 1010 780 altera
1041 737 1112 781 vero
1141 717 1234 781 huius
1258 716 1390 804 Collegii

198 818 317 883 serario
347 820 445 884 cedat.
499 820 572 884 Pari
603 821 725 885 ratione
758 820 932 904 diplomata
961 820 1136 885 studiorom
1167 828 1198 886 et
1227 822 1389 910 diligentis

196 925 436 989 auscultationis
466 928 561 988 testes
583 925 763 1009 petentibus
788 925 870 990 baud
895 925 1045 1012 deneget,
1076 928 1167 992 modo
1189 932 1281 994 antea
1303 930 1388 995 flori-

196 1051 272 1094 num
294 1051 391 1095 vnum
413 1030 625 1114 persolueriut
646 1030 809 1108 facultati,
841 1032 928 1096 cuius
960 1033 1060 1098 altera
1083 1033 1207 1117 quidem
1230 1055 1302 1118 pars
1324 1033 1387 1100 De·

195 1157 273 1200 cano
296 1135 436 1200 debetur.

281 1239 373 1306 Nulli
404 1245 565 1325 praeterea
597 1241 741 1305 medendi
772 1240 927 1305 rationem
959 1242 992 1305 in
1020 1240 1080 1306 boc
1110 1242 1225 1328 oppido
1248 1265 1388 1309 exercere

196 1348 379 1431 permittat,
412 1347 467 1428 qui
500 1347 532 1410 in
555 1345 770 1412 Vniuersitate
800 1345 925 1410 scholae
956 1345 1049 1411 huius
1079 1347 1217 1432 insignia
1243 1349 1387 1414 doctores

197 1473 262 1516 non
288 1456 473 1517 consecutus
496 1453 556 1529 sit,
588 1457 643 1516 aut
674 1454 703 1516 si
733 1451 854 1542 aduena
876 1452 990 1530 fuerit,
1022 1452 1077 1534 qui
1106 1451 1139 1515 in
1162 1453 1267 1517 album
1290 1455 1386 1519 studii

193 1556 367 1622 medicinae
390 1579 453 1622 uon
477 1558 647 1642 inscriptus
670 1560 721 1622 sit.
768 1557 986 1640 Inscriptionis
1017 1578 1090 1622 vero
1118 1558 1270 1642 pretium,
1301 1561 1385 1643 quod

192 1663 313 1728 advena
328 1664 454 1747 pendat,
478 1664 609 1748 florinus
626 1685 705 1727 vnus
721 1667 795 1728 esto.
834 1661 975 1748 Singulis
991 1665 1150 1747 praeterea
1166 1664 1268 1740 annis,
1291 1665 1385 1748 idque

191 1791 298 1834 meuse
313 1767 400 1834 Julio
422 1791 460 1833 ex
482 1767 692 1834 Illustrissimi
714 1769 866 1852 principis
889 1769 990 1832 nostri
1018 1769 1139 1833 decreto
1161 1790 1231 1834 cnm
1254 1770 1383 1854 reliquis

190 1871 351 1938 ordinarie
381 1874 416 1937 in
446 1875 504 1938 bac
526 1873 632 1938 schola
654 1873 840 1939 medicinam
870 1873 1053 1938 docentibus
1074 1873 1262 1938 Doctoribus
1285 1875 1328 1938 of
1334 1874 1351 1937 f
1356 1875 1384 1938 i-

189 1979 332 2042 cinam
354 1978 524 2064 diligenter
545 1979 707 2062 inspiciat,
732 1984 826 2063 atque
850 1984 885 2043 ut
906 1979 1033 2065 singula
1054 1979 1279 2045 medicamenta
1300 1981 1383 2044 insto

190 2086 370 2150 uendantur
392 2084 506 2167 precio,
530 2089 627 2149 curet.

574 2259 802 2324 Praemium
825 2258 993 2324 Decani.

194 2425 198 2432 ·
276 2398 402 2463 Decano
433 2400 585 2484 pendetur
617 2399 817 2465 honorarium
848 2399 985 2483 pretium
1016 2399 1131 2464 laboris
1153 2403 1247 2481 atque
1268 2419 1380 2483 operae

191 2507 245 2569 hoc
268 2509 408 2588 tempore
442 2505 479 2568 de
511 2506 631 2569 aerario
661 2506 755 2570 studii
788 2504 880 2569 huius
910 2505 1167 2569 florinorum
1196 2504 1324 2567 trium
1347 2509 1379 2568 et

190 2611 371 2676 concedetur
395 2632 510 2675 merces
533 2611 748 2696 inscriptionis
770 2631 897 2688 eorum,
927 2610 980 2693 qui
1002 2609 1061 2674 sub
1083 2609 1169 2673 illius
1192 2608 1379 2692 magistratu

186 2717 363 2780 doctoream
392 2715 550 2779 consecuti
580 2722 655 2781 suut
678 2717 831 2793 lauream,
870 2718 982 2798 quarta
1004 2715 1155 2779 nimirum
1177 2714 1263 2779 aurai
1285 2713 1378 2778 unius

182 2844 268 2906 pars.
315 2819 426 2884 Altera
449 2842 573 2903 quoquc
595 2842 652 2904 pro
667 2818 850 2885 exhibendis
866 2819 1093 2902 diplomatibus
1114 2842 1168 2884 seu
1183 2821 1376 2884 instrumen-

183 2930 226 2995 tis
249 2927 341 2992 datae
363 2926 512 3010 pecuniae
534 2947 606 3010 pars
630 2926 716 2990 illius
738 2931 813 2990 estc.

422 3154 476 3220 De
498 3155 699 3220 doctrina
721 3152 863 3217 studii
885 3153 1130 3218 medicinae.

682 3293 808 3359 Titulus
831 3292 873 3357 ΙΙ.

268 3454 367 3520 Vetus
389 3453 517 3519 docendi
549 3453 649 3530 ratio,
685 3474 746 3536 qua
768 3451 901 3516 maiores
923 3451 1024 3516 nostri
1054 3449 1088 3513 in
1111 3448 1225 3514 sobolis
1247 3449 1374 3514 medicis

180 3562 231 3626 usi
255 3564 340 3637 sunt,
364 3561 413 3624 his
435 3557 648 3643 temporibnS‚
672 3559 705 3623 in
730 3556 842 3642 quibus
866 3555 1001 3621 Graecae
1023 3556 1222 3640 potissimum
1245 3553 1372 3639 linguae

180 3673 277 3750 atque
300 3665 416 3730 latinae
439 3665 526 3748 uiget
548 3662 698 3739 studium,
722 3681 898 3746 magnaque
922 3661 1216 3746 probatissimorum
1240 3659 1285 3724 rei
1306 3681 1371 3723 me-

179 3772 264 3836 dices
288 3771 476 3852 scriptorum
499 3769 589 3852 copia
605 3767 722 3845 existit,
746 3767 876 3832 tolerari
894 3767 978 3832 haud
994 3771 1107 3852 potest.
1152 3765 1286 3830 Proinde
1302 3787 1373 3829 curn

177 3873 405 3959 sapientissimi
434 3874 550 3957 quique
583 3871 800 3938 communibus
830 3872 969 3936 moribus
999 3876 1150 3956 tanquam
1178 3892 1286 3936 scenae
1308 3891 1372 3934 esse

184 3977 458 4045 obsecundandum
481 3977 712 4061 praeceperint,
745 3976 882 4040 ineunda
904 3997 1028 4060 quoque
1050 3977 1131 4042 ratio
1153 3975 1283 4041 docendi
1304 3997 1370 4039 me·

177 4086 315 4150 dicinam
337 4085 408 4160 crit,
433 4105 511 4166 quae
534 4082 607 4147 huic
630 4083 734 4146 seculo
757 4081 929 4146 conueniet.

263 4188 306 4254 Et
328 4211 422 4272 quum
447 4209 538 4254 nemo
560 4188 618 4266 sit,
649 4188 702 4271 qui
724 4187 844 4252 nesciat
866 4185 1031 4252 Arabes
1059 4187 1165 4251 omnia
1193 4185 1291 4250 ferme
1313 4205 1370 4248 sna

174 4321 192 4362 e
216 4295 342 4390 Graecis
365 4293 608 4377 transcripsisse,
630 4293 812 4378 parcissime
842 4292 987 4377 deinceps
1011 4292 1049 4357 ad
1073 4291 1247 4356 doctrinam
1270 4287 1369 4352 studii

173 4403 268 4467 huius
291 4401 533 4477 adhibebuntur,
557 4400 640 4483 quod
656 4399 828 4463 consultius
843 4398 885 4462 sit
901 4397 978 4462 artis
1001 4399 1166 4482 praecepta
1183 4419 1201 4460 a
1216 4394 1366 4472 fontibus,

176 4529 273 4592 quam
297 4505 431 4571 turbidis
453 4505 565 4569 riualis
588 4505 721 4570 haurire.
767 4505 960 4570 Posthabitis
984 4505 1089 4590 itaque
1116 4525 1211 4589 quam
1233 4502 1367 4568 maxime
