3504 5322
389 456 453 518 374
850 453 979 510 Facultas
998 454 1117 510 Artium.

384 611 571 677 Scolaris
595 636 668 678 vero
692 616 755 678 tres
778 615 920 680 denarios
943 615 1083 694 usuales,
1121 615 1263 700 alioquin
1287 617 1326 680 ad
1349 616 1581 700 promocionem

387 718 528 801 aliquam
550 741 613 784 uon
645 719 839 783 admittatur.
890 719 972 784 Item
1001 720 1403 787 Baccalaureandus
1438 724 1581 804 tempore

384 821 672 901 determiuacionis,
707 845 776 887 cum
811 824 942 908 gradum
966 825 1225 890 Baccalaureatus
1257 847 1413 890 assumere
1436 824 1579 904 voluerit,

385 927 506 1010 pedello
529 929 631 992 soluat
654 927 793 1012 quinque
809 929 922 994 solidos
938 929 982 1009 h,
1006 929 1319 996 Lioeueiandus
1342 953 1415 995 vero
1438 937 1580 1016 tempore

389 1136 438 1200 vie
462 1139 611 1202 ducentos
634 1161 760 1217 aureos,
790 1143 825 1204 vt
847 1140 963 1205 lautius
995 1140 1192 1206 infuturum
1223 1143 1362 1208 bursales
1385 1142 1578 1222 reficiantur,

386 1241 507 1326 legibus
528 1245 645 1320 tamen,
668 1243 768 1326 pactis
792 1248 824 1310 et
845 1244 1095 1309 condictionibus
1118 1245 1359 1330 infrascriptis.

471 1345 611 1410 Primo
635 1347 717 1430 quod
740 1353 869 1433 propter
890 1351 966 1415 istos
983 1351 1230 1437 quadringentos
1253 1357 1407 1439 cogantur
1428 1374 1576 1438 procura-

387 1455 471 1515 tores
494 1452 659 1516 bursarum
682 1454 809 1538 singula
831 1456 990 1520 esculenta
1004 1478 1061 1540 pro
1078 1479 1186 1522 mensa
1202 1457 1330 1536 bursali,
1352 1458 1489 1543 exceptis
1503 1459 1579 1524 solis

385 1555 520 1639 panibus
544 1579 724 1641 comparare
746 1581 804 1643 pro
826 1561 958 1645 pecunia
981 1565 1143 1646 prompta,
1167 1583 1232 1627 uon
1255 1562 1425 1628 differendo
1447 1564 1579 1628 solutio·

385 1683 457 1724 nem
480 1662 564 1726 vltra
586 1667 739 1741 octauam,

469 1763 657 1831 Secundo
689 1768 771 1851 quod
801 1788 870 1832 oum
902 1769 1071 1852 requisitus
1100 1770 1197 1835 fuerit
1229 1775 1429 1854 procurator,
1463 1776 1580 1838 extunc

392 1870 476 1935 infra
498 1871 618 1954 dimidij
635 1874 710 1936 anui
727 1874 866 1957 spacium
883 1878 1014 1959 cogatur
1029 1875 1207 1940 satisfacere
1221 1875 1367 1940 facultati
1381 1876 1414 1940 in
1430 1880 1580 1961 prompta

389 1976 531 2058 pecunia,

473 2080 554 2146 Item
577 2083 603 2146 si
627 2083 825 2168 contingeret
840 2087 1074 2167 procuratorem
1090 2083 1196 2148 cedere
1212 2084 1315 2149 officio
1330 2085 1379 2150 vel
1402 2089 1514 2170 sponte
1529 2087 1579 2152 vel

388 2188 475 2264 alias,
498 2190 613 2251 extunc
632 2209 650 2250 a
667 2187 716 2251 die
733 2209 794 2271 qua
809 2189 910 2266 cessit,
935 2189 968 2250 in
992 2188 1137 2252 omnibus
1155 2193 1186 2252 et
1200 2189 1333 2274 siugulis
1350 2190 1515 2274 quindenis
1528 2213 1576 2256 se-

387 2292 556 2376 quentibus
579 2293 682 2357 soluat
703 2293 818 2358 decano
843 2294 1002 2358 facultatis
1026 2295 1142 2358 artium
1164 2317 1286 2379 semper
1302 2297 1418 2382 viginti
1433 2298 1573 2374 florenos,

383 2397 560 2463 succedenti
575 2397 771 2479 procuratori
791 2398 1084 2476 subministramus,
1109 2400 1367 2484 prosvictualibus
1382 2403 1415 2466 iu
1432 2404 1575 2488 prompta

383 2502 516 2586 pecunia
538 2501 685 2578 emendis,
709 2506 741 2566 et
763 2525 834 2568 cum
857 2504 932 2582 hoc,
964 2505 989 2567 si
1013 2504 1096 2568 vltra
1127 2527 1282 2570 summam
1304 2507 1422 2592 viginti
1443 2507 1576 2571 floreno-

385 2629 455 2670 rum
478 2606 563 2671 infra
587 2608 777 2690 quindenam
800 2632 818 2672 a
840 2609 905 2672 suis
920 2609 1114 2674 debitoribus
1130 2611 1259 2687 leuaret,
1284 2615 1359 2677 luno
1379 2612 1579 2678 medietatem

383 2711 469 2774 illius
500 2712 630 2795 pecunie
653 2713 770 2788 leuate,
802 2713 923 2777 ratione
953 2715 1148 2797 procuratio,
1179 2716 1326 2781 restituat
1356 2718 1470 2782 decano
1494 2719 1580 2783 iufra

383 2819 535 2893 octauam,
560 2816 657 2880 donec
680 2816 865 2882 satisfecerit
887 2817 1041 2896 facultati,
1066 2820 1093 2883 si
1117 2843 1180 2884 uou
1197 2820 1275 2885 facit
1290 2823 1383 2886 aliam
1399 2823 1578 2888 cautionem

383 2921 516 3005 legalem
540 2943 595 3006 per
618 2923 838 2999 iuramentum,
862 2923 932 2988 dolo
955 2928 987 2988 et
1009 2925 1118 2990 fraude
1141 2927 1277 2990 seclusis.

470 3026 551 3090 Item
574 3027 708 3110 quilibet
723 3033 915 3112 procurator,
941 3033 1112 3113 autequum
1129 3031 1259 3096 obulum
1274 3032 1367 3108 leuet,
1392 3053 1484 3115 super
1507 3032 1578 3098 istis

383 3130 523 3196 ducentis
546 3132 671 3198 florenis
695 3133 783 3217 prius
805 3133 900 3198 faciat
923 3135 1131 3200 sufficientem
1153 3137 1346 3214 cautionem,
1372 3137 1460 3202 iuxta
1481 3137 1577 3203 bene·

382 3237 533 3319 placitum
557 3240 696 3303 omnium
727 3239 1053 3323 superintendentium
1078 3241 1239 3325 vtriusque
1262 3242 1328 3320 vie,
1360 3245 1484 3307 etcum
1507 3242 1577 3322 hoc,

382 3346 548 3426 postquam
572 3345 675 3408 officio
697 3348 809 3429 sponte
832 3344 880 3408 vel
903 3344 980 3408 alias
1004 3347 1139 3422 cesserit,
1168 3369 1203 3410 eo
1229 3347 1296 3430 ipso
1319 3347 1426 3412 omnia
1447 3349 1579 3414 nomina
1628 3407 1632 3417 ,

383 3449 560 3513 debitorum
576 3448 749 3514 bursaliunr
764 3451 829 3513 sint
851 3450 911 3533 ipsi
927 3450 1073 3514 facultati
1090 3451 1302 3536 inpignorata,
1326 3475 1383 3536 pro
1399 3452 1578 3518 huiusmodi

383 3553 488 3618 debito
503 3555 716 3619 ducentorum
739 3556 935 3619 florenorum.

383 3727 623 3793 Moderatio
645 3729 802 3794 statuti
826 3730 1096 3815 incipientis:
1119 3730 1223 3796 Item
1246 3731 1279 3796 si
1302 3732 1578 3819 contingeret

811 3841 1144 3920 procuratorem.

468 3973 557 4039 Circa
578 3975 742 4058 pecuniam
767 3977 1073 4063 quadringentorum
1096 3978 1287 4042 florenorum
1311 3977 1578 4044 restituendorum

381 4101 437 4164 per
461 4084 678 4164 procuratores
702 4079 868 4146 bursarum
891 4082 973 4147 facta
996 4084 1043 4146 est
1065 4081 1254 4146 modificatio
1271 4104 1325 4146 seu
1348 4082 1480 4147 adiectio
1502 4083 1577 4147 talis

386 4207 442 4269 per
457 4188 558 4249 totam
573 4185 756 4252 facultatem
773 4187 807 4252 in
834 4188 993 4273 presentia
1008 4188 1320 4271 superintendentum
1340 4189 1502 4272 utriusque
1517 4189 1577 4266 vie,

469 4290 606 4354 Primo
630 4293 712 4375 quod
737 4292 871 4376 quilibet
894 4297 1078 4376 procurator
1093 4297 1164 4377 post
1179 4294 1274 4357 finem
1290 4291 1385 4376 officij
1410 4292 1458 4356 sui
1481 4293 1577 4357 faciat

382 4394 497 4458 bonam
534 4393 753 4480 diligentiam,
789 4399 890 4481 quoad
926 4397 1057 4461 nomina
1089 4397 1266 4464 debitorum
1301 4398 1575 4478 inbursandorum,

384 4519 544 4584 quousque
566 4501 721 4566 obnoxius
744 4507 793 4567 est
817 4503 960 4570 facultati
982 4504 1065 4569 bona
1087 4503 1156 4570 fide.
