3442 5314
319 396 361 460 40
672 391 696 445 8.
716 387 852 444 Statuten
870 405 934 444 vom
952 389 977 442 9.
995 386 1059 443 Okt.
1081 387 1157 442 1477.

312 553 553 638 premissorum,
585 549 738 615 Rutulum
767 549 947 632 presentem
968 547 1082 612 exinde
1104 546 1193 625 fieri,
1225 552 1258 613 et
1280 545 1387 634 Sigilli
1416 546 1519 612 nostri

313 659 460 722 iussimus
483 660 515 722 et
536 655 667 721 fecimus
689 653 882 739 appensione
905 653 1106 718 communiri.

400 761 519 826 Datum
542 761 576 825 in
600 759 834 846 Tttwingen
859 780 943 824 anno
966 759 1086 823 domini
1109 759 1280 823 millesimo
1303 756 1519 842 quadringen-

313 867 426 932 tesimo
449 866 692 951 septuagesimo,
716 865 861 950 septime,
887 864 938 929 die
959 886 1044 928 nona
1058 865 1176 929 mensis
1192 863 1341 929 Octobris
1364 861 1520 928 inditione

318 972 448 1037 decima.

402 1075 547 1141 Inrarnrs
575 1076 699 1159 itaque,
733 1075 767 1139 in
795 1073 883 1139 illius
905 1074 1034 1139 nomine
1067 1073 1267 1152 inchoantes,
1301 1073 1356 1159 qui
1378 1071 1521 1139 omnium

314 1183 471 1247 honorum
504 1184 613 1245 auctor
643 1184 691 1245 est
722 1183 753 1244 et
786 1183 930 1264 patrator
952 1177 1129 1244 Statuimus
1163 1184 1194 1244 et
1226 1178 1408 1244 ordinamus
1430 1176 1520 1254 Quod

314 1288 404 1352 iuxta
418 1285 625 1371 apostolicum
641 1285 844 1371 priuilegium
860 1289 928 1350 toto
951 1306 1008 1350 euo
1025 1285 1059 1350 in
1082 1287 1142 1350 hac
1164 1284 1275 1350 inclita
1297 1285 1375 1350 vrbe
1389 1282 1519 1350 wain·

317 1413 378 1478 gen
394 1392 437 1455 sit
453 1395 548 1476 atque
562 1391 669 1477 vigeat
684 1373 865 1456 studium
880 1392 1075 1477 generale
1096 1391 1131 1455 in
1146 1390 1352 1456 facultatibus
1374 1389 1521 1454 omnibus

315 1496 394 1583 legis
416 1496 524 1560 diuine
546 1497 664 1582 pariter
688 1500 720 1560 et
741 1497 879 1562 humane
894 1496 1011 1560 iuriam
1023 1500 1228 1582 utrorumque
1244 1495 1377 1562 Necnon
1401 1495 1520 1562 artium

319 1601 553 1667 medicinalium
576 1606 608 1666 ct
630 1601 922 1687 philosophicarum
945 1602 1142 1686 aliarumque
1167 1600 1348 1666 liberalium
1371 1600 1520 1666 scientia·

317 1729 389 1770 rum
418 1706 591 1772 orthodoxe
632 1706 706 1772 fidei
737 1711 845 1772 nostre
874 1729 1084 1773 consonarum
1115 1707 1155 1772 ab
1189 1707 1336 1772 omnibns
1368 1706 1456 1771 licite
1488 1710 1522 1770 et

319 1811 417 1876 libere
439 1812 630 1876 actuandum
643 1810 794 1897 Quodque
810 1811 894 1876 illius
907 1811 1010 1878 Stadii
1034 1812 1076 1876 sit
1099 1834 1161 1877 vna
1184 1811 1340 1880 duntaxat
1361 1812 1521 1877 vniuor-

317 1915 425 1982 sitas
441 1920 474 1982 et
487 1937 585 1980 vnum
601 1937 713 2000 corpas
736 1937 774 1980 ex
791 1917 937 1981 omnibus
959 1916 1165 1982 facultatibus
1189 1916 1392 1994 indiuisibile,
1416 1920 1448 1981 et
1470 1939 1522 1981 ea-

319 2024 377 2105 put
408 2043 507 2084 vnnm
535 2020 654 2084 scilieet
686 2019 819 2098 Rector,
849 2021 1034 2086 facultatem
1062 2020 1182 2087 habens
1215 2023 1346 2108 regendi
1376 2021 1522 2088 Membra

317 2126 544 2204 vniuersitatis,
560 2125 734 2190 secundum
748 2125 948 2191 Statutorum
964 2125 1241 2211 infrascriptarum
1257 2131 1407 2192 tenmem.
1439 2125 1522 2191 Item

317 2231 400 2315 quod
432 2231 516 2297 dicta
548 2231 738 2295 uniuersitas
770 2231 859 2296 iuxta
887 2231 1098 2296 differentiam
1128 2232 1365 2316 quadrinariam
1398 2232 1432 2296 in
1464 2231 1522 2296 illa

320 2336 599 2401 doctrinandarum
629 2334 834 2399 scientiarum
869 2334 903 2399 in
944 2339 1079 2419 quatuor
1110 2336 1276 2402 distinctas
1310 2357 1377 2401 esse
1411 2336 1523 2402 debeat

317 2441 437 2524 partita
467 2439 702 2505 facultates
726 2438 866 2515 Quarum
895 2441 998 2524 prima
1020 2445 1052 2506 et
1074 2463 1221 2526 suprema
1252 2441 1522 2530 theologica,

317 2543 461 2610 Secunda
482 2545 664 2610 iuridiea
692 2546 788 2610 tertia
810 2543 1017 2610 Medicina
1052 2551 1083 2611 et
1106 2545 1226 2622 Quarta
1259 2541 1523 2613 artistarum

320 2650 483 2736 appellent
523 2701 529 2716 .

404 2754 544 2832 Quarum
573 2757 713 2842 quelibet
741 2779 833 2823 suum
864 2759 1030 2842 proprium
1066 2757 1242 2845 Collegium
1270 2763 1301 2824 et
1333 2780 1431 2823 vnum
1454 2759 1520 2822 sin-

317 2862 427 2948 gulare
450 2867 544 2946 caput
566 2864 708 2928 omnium
731 2867 763 2928 et
778 2863 977 2949 singulorum
993 2863 1080 2928 illius
1094 2864 1258 2929 facultatis
1273 2867 1399 2928 tantum
1422 2885 1521 2928 mern-

318 2966 448 3031 brorum
470 2967 646 3051 principale
669 2967 785 3032 habeat
807 2967 890 3051 quod
913 2968 1130 3033 nominabitur
1153 2970 1353 3046 decanus,
1383 2972 1522 3053 potesta-

316 3078 383 3138 tem
414 3093 526 3158 gerens
559 3073 758 3158 gubernandi
793 3077 826 3137 et
858 3073 1027 3138 ordinandi
1062 3096 1117 3139 sue
1152 3073 1313 3140 facultatis
1349 3074 1522 3160 supposita.

317 3177 501 3261 Debeatque
523 3182 555 3242 et
577 3182 723 3244 teneatur
744 3177 860 3242 habere
883 3178 1032 3242 similiter
1055 3177 1260 3244 Consiliarios
1284 3182 1316 3243 et
1339 3179 1524 3242 statutarios

318 3283 439 3348 adhoc
463 3283 561 3348 abiles
583 3289 615 3350 et
630 3284 777 3370 ydoneos,
803 3305 860 3368 pro
884 3283 972 3348 illius
994 3284 1115 3348 salubri
1138 3284 1300 3368 regimine,
1326 3284 1381 3367 qui
1397 3282 1525 3348 Statuta

318 3393 351 3453 et
372 3388 587 3454 ordinationes
610 3411 669 3474 pro
691 3389 856 3455 commodo
879 3393 913 3455 et
926 3389 1065 3455 uilitate
1088 3389 1174 3454 illius
1189 3389 1352 3454 facultatis
1370 3389 1523 3454 condendi

319 3498 351 3559 et
372 3494 559 3560 emendandi
582 3497 676 3579 atque
698 3494 892 3561 reformandi
915 3495 1053 3561 habeant
1068 3499 1269 3580 potestatem,
1293 3495 1425 3579 insuper
1447 3517 1521 3580 pro-

319 3603 477 3665 motorum
499 3605 532 3664 et
554 3603 841 3685 promouendorom
863 3622 966 3666 mores
981 3605 1083 3666 status
1100 3605 1189 3666 actus
1204 3604 1295 3687 gesta
1317 3603 1350 3665 et
1373 3600 1521 3665 scientias

324 3704 461 3770 rimandi
484 3709 516 3770 et
539 3705 737 3782 discutiendi,
761 3725 876 3789 eosque
891 3705 1081 3770 admittendi
1100 3706 1149 3770 vel
1165 3704 1354 3790 reprobandi
1377 3705 1524 3770 similiter

319 3811 494 3896 plenariam
516 3810 631 3877 habeat
660 3811 853 3877 facultatem.
907 3809 959 3874 Ita
989 3815 1095 3875 tamen
1125 3810 1209 3894 quod
1240 3809 1339 3875 nichil
1362 3811 1396 3874 in
1419 3811 1525 3894 preiu-

319 3916 436 3981 dicium
458 3915 656 3981 Statutorum
680 3915 956 4000 infrascriptarum
988 3920 1198 4001 attemptetur
1228 3937 1435 4000 aquoquam.
1482 3915 1525 3979 Et

320 4021 347 4086 si
370 4022 442 4106 quis
464 4045 520 4087 suo
543 4045 635 4087 sensu
658 4045 748 4100 rsus,
777 4021 862 4086 aliud
891 4023 1119 4106 presumpserit
1149 4021 1264 4106 eligere
1296 4022 1447 4105 caputia
1472 4042 1524 4085 eo·

320 4127 390 4191 dem
412 4148 550 4213 corpore,
575 4128 758 4193 excludatur
780 4130 811 4192 et
834 4127 971 4212 amplius
988 4149 1046 4211 pro
1062 4127 1279 4192 vniuersitatia
1295 4127 1437 4192 membro
1460 4149 1524 4192 non

320 4234 484 4318 reputetur
506 4232 602 4298 Cuius
625 4233 753 4318 quidem
784 4232 894 4298 decani
922 4233 1063 4298 officium
1094 4232 1222 4298 durabit
1244 4231 1415 4298 secundum
1438 4233 1523 4297 ordi-

321 4361 393 4403 nem
416 4359 471 4402 sue
492 4339 662 4404 facultatis.
708 4337 917 4404 Prouideatur
939 4339 1068 4423 insuper
1090 4361 1146 4422 per
1169 4338 1350 4403 huiusmodi
1373 4339 1525 4403 decanum

319 4443 509 4530 vigilanter,
542 4448 574 4509 et
604 4467 661 4530 per
691 4445 769 4512 alios
803 4467 875 4511 suos
906 4448 1111 4531 contegentes
1143 4447 1267 4510 mature
1300 4465 1358 4530 pro
1380 4465 1473 4530 posse
1495 4447 1528 4508 et
1624 4525 1629 4534 ι
