3460 5314
368 485 431 550 302
831 479 962 537 facultas
980 480 1095 536 Medica.

367 643 448 707 tioni
470 643 507 707 de
529 664 562 708 aa
582 643 665 708 facte
687 643 856 721 consensit,
878 643 963 727 juret
986 647 1018 706 et
1039 641 1206 726 promittat
1229 662 1334 705 coram
1356 640 1504 706 facultate
1522 643 1555 708 in
1623 623 1625 630 ¹

368 769 493 812 manus-
510 749 625 832 prioris
657 749 783 827 decani,
819 747 895 813 Eius
926 748 1063 813 officium
1092 747 1227 813 fideliter
1249 768 1407 826 exercere,
1438 770 1473 813 ac
1493 749 1556 813 eius

368 855 514 934 pretextu
537 853 585 916 nil
607 853 741 917 scienter
772 856 803 916 et
827 852 981 930 studiose,
1014 852 1097 935 quod
1120 852 1155 915 in
1175 852 1382 937 preiudicium
1404 853 1453 918 vel
1474 853 1556 918 dam-

368 977 446 1020 num
468 956 683 1022 vniuersitatis
705 961 761 1022 aut
784 957 944 1042 facultatis
967 961 1074 1021 nostre
1096 978 1222 1043 vergere
1244 958 1353 1041 possit,
1376 961 1558 1042 attemptare
1620 945 1625 955 ⁸

369 1060 509 1146 Cumque
537 1061 575 1126 de
607 1085 664 1127 suo
686 1061 791 1127 officio
814 1062 913 1139 cedit,
948 1062 1071 1127 fidelem
1093 1061 1190 1127 faciat
1212 1062 1359 1126 facultati
1382 1067 1557 1147 computum

369 1168 454 1231 infra
470 1166 659 1252 quindenam
674 1166 843 1232 Peocunias
861 1189 993 1251 quoque,
1017 1167 1186 1254 priuilegia
1201 1173 1232 1232 et
1247 1168 1459 1232 instrumenta
1480 1189 1558 1233 nouo

369 1273 485 1338 decano
514 1277 674 1358 presentet
705 1278 737 1338 et
765 1272 905 1359 assignet
935 1271 976 1337 Et
1007 1295 1043 1337 ea
1072 1273 1106 1337 in
1129 1273 1279 1337 cistam
1308 1295 1376 1337 seu
1399 1271 1560 1336 archam

368 1377 527 1442 facultatis
550 1376 668 1441 duabus
692 1379 767 1442 seris
791 1381 926 1441 seratam
949 1380 981 1440 et
1002 1378 1158 1442 munitam
1181 1381 1322 1462 reponat,
1346 1377 1408 1442 Pro
1431 1398 1492 1461 qua
1513 1398 1560 1440 ar·

368 1480 427 1546 cha
450 1482 508 1546 due
530 1480 633 1546 claues
655 1481 723 1545 fieri
746 1487 779 1546 et
800 1481 930 1547 cuilibet
951 1482 1182 1548 ordinariorum
1205 1506 1267 1548 vna
1289 1483 1373 1548 uadi
1396 1482 1496 1548 debet.

455 1586 628 1652 Statuimus
659 1587 770 1665 etiam,
799 1593 834 1651 vt
862 1587 896 1651 in
926 1588 1080 1652 decanum
1102 1589 1235 1666 electus,
1266 1589 1293 1652 si
1315 1588 1423 1673 aliquo
1445 1593 1557 1654 euentu

368 1693 434 1757 eius
456 1692 598 1757 officium
621 1712 729 1777 gerere
751 1713 815 1758 non
838 1693 947 1776 possit,
972 1698 1028 1759 aut
1042 1695 1155 1758 saltem
1170 1695 1303 1761 eundem
1325 1717 1344 1759 a
1366 1694 1435 1759 loco
1457 1694 1560 1759 abesse

370 1798 544 1884 contingat,
568 1797 673 1861 senior
694 1797 804 1862 doctor
826 1798 892 1862 eius
920 1799 1003 1864 vices
1025 1800 1159 1865 fideliter
1182 1823 1290 1887 gerere
1313 1801 1441 1879 debeat,
1471 1821 1563 1883 reque

371 1902 410 1966 ad
431 1901 560 1967 alterius
582 1903 728 1979 reditum,
752 1904 801 1968 vel
825 1904 900 1968 noui
922 1904 1032 1970 decani
1054 1905 1250 1985 electionem,
1273 1909 1301 1972 si
1323 1929 1402 1995 opus
1425 1905 1528 1970 fuerit

457 2006 539 2070 Item
563 2007 753 2086 ordinemne,
778 2011 813 2072 vt
835 2009 1013 2093 quicunque
1028 2010 1163 2076 decanus
1185 2032 1243 2095 pro
1263 2015 1406 2096 tempore
1420 2011 1563 2085 existens,

372 2115 531 2197 promotos
554 2113 612 2177 sub
635 2135 671 2177 eo
693 2111 846 2179 inscribat
868 2115 901 2178 in
925 2116 1161 2182 matricula
1184 2118 1344 2182 facultatis
1359 2117 1491 2182 Annum
1513 2116 1564 2180 do·

373 2217 488 2282 minice
520 2218 747 2283 incarnationis
780 2241 851 2284 oum
882 2219 931 2284 die
961 2219 1080 2286 Mensis
1110 2223 1247 2306 quidque
1279 2221 1425 2287 facultati
1448 2221 1563 2286 dederit

373 2323 561 2389 annotando.

459 2426 541 2492 Item
563 2430 646 2513 quod
668 2430 815 2494 omnibus
834 2431 893 2495 sub
916 2453 952 2497 eo
974 2432 1023 2496 vel
1047 2433 1118 2497 aliis
1134 2432 1258 2497 decanis
1280 2432 1314 2496 in
1337 2434 1448 2496 nostra
1469 2429 1563 2494 facul·

373 2537 438 2599 tate
461 2535 669 2619 promotis
692 2536 724 2600 iu
748 2537 807 2601 hac
822 2540 932 2601 nostra
954 2538 1159 2603 rniuersitate
1181 2536 1349 2623 priuilegia
1371 2557 1427 2601 seu
1450 2536 1563 2599 instru-

374 2642 482 2704 menta
503 2661 557 2705 sue
579 2641 786 2723 promotionis
808 2642 989 2726 petentibus
1011 2644 1083 2708 dare
1098 2649 1244 2710 teneatur
1266 2641 1305 2707 ln
1327 2642 1431 2727 forma
1453 2640 1568 2706 abhas

375 2749 484 2810 nostra
505 2745 710 2811 vuiuersitate
733 2767 878 2812 emanare
900 2747 1003 2812 solita.

461 2848 662 2936 Iniungimus
678 2850 773 2915 etiam
790 2851 899 2930 eidem,
923 2857 1077 2937 quatenus
1094 2854 1217 2918 nullum
1233 2852 1386 2918 forensem
1411 2852 1569 2916 doctorem

376 2958 410 3022 in
432 2960 540 3020 nostre
562 2955 722 3020 facultatis
745 2957 912 3022 matricula
940 2980 1004 3023 non
1037 2959 1236 3023 intitulatum
1259 2957 1297 3021 In
1328 2957 1570 3042 congregatione

377 3061 537 3128 facultatis
554 3061 711 3139 admittat,
732 3063 863 3128 rotandi
878 3063 1072 3146 practicandi
1088 3069 1142 3128 aut
1156 3062 1313 3128 tractandi
1329 3062 1446 3147 gratia,
1470 3063 1569 3145 prius·

377 3190 473 3253 quam
496 3188 600 3231 eoram
632 3167 782 3232 facultate
812 3170 1023 3234 iuramentum
1052 3169 1227 3254 prostiterit
1249 3168 1419 3234 secundum
1445 3167 1569 3232 modum

377 3273 462 3337 infra
485 3271 658 3355 scriptum,
693 3271 755 3357 hijs
779 3274 854 3338 solis
878 3274 1030 3358 demptis,
1062 3296 1139 3359 quos
1162 3274 1202 3338 ob
1225 3274 1388 3360 penuriam
1412 3273 1572 3338 doctorum

377 3384 518 3463 tempore
539 3378 748 3461 promotionis
763 3380 1019 3464 graduandorum
1040 3379 1174 3446 facultas
1196 3381 1321 3444 duxerit
1342 3377 1538 3444 aduocandos
1549 3373 1569 3440 ¹.

465 3554 747 3620 Iuramentum
770 3552 1030 3619 intrantium
1060 3559 1101 3620 et
1122 3554 1487 3638 Itecipiendorum.

465 3692 616 3760 Iurabitis
640 3716 749 3780 parere
772 3693 900 3759 domino
915 3693 1042 3758 Decano
1062 3692 1223 3758 facultatis
1245 3693 1399 3758 medicine
1420 3693 1454 3756 in
1479 3690 1572 3756 licitis

379 3807 412 3870 et
433 3800 584 3879 honestis,
609 3822 701 3865 suum
725 3800 864 3864 officium
883 3799 1144 3865 concernentibus
1160 3797 1287 3863 Statuta
1309 3818 1434 3881 quoque
1456 3799 1489 3861 et
1511 3799 1573 3860 sta·

381 3905 498 3973 tuenda
519 3927 577 3990 pro
598 3905 754 3991 regimine
776 3905 938 3970 facultatis
961 3906 1046 3971 edita
1068 3905 1118 3971 vel
1137 3904 1255 3969 edenda
1269 3925 1393 3968 seruare
1415 3903 1484 3968 sine
1507 3900 1575 3964 dolo

380 4015 486 4096 Atque
507 4011 546 4076 ad
568 4011 739 4076 utilitatem
761 4015 794 4076 et
810 4010 961 4075 honorem
983 4010 1144 4076 facultatis
1167 4010 1339 4075 deliberare
1362 4008 1523 4072 consulere
1545 4009 1575 4068 et

380 4123 488 4183 votare
509 4117 560 4181 vel
582 4117 723 4196 balotare
745 4115 851 4180 velitis
867 4115 1011 4181 fideliter.
1057 4112 1166 4178 Dicat:
1188 4113 1245 4194 ,Ira
1259 4117 1332 4179 iuro
1350 4111 1404 4178 Sic
1421 4132 1471 4176 me
1486 4109 1575 4174 Deos

380 4225 510 4290 adiuva
533 4229 562 4288 et
586 4221 777 4289 Sanctorum
799 4221 1053 4306 Eaaaqetiorum
1076 4221 1266 4286 coada'tores.

382 4385 585 4397 ——-—-n————

454 4469 466 4522 1
486 4464 617 4538 Spltterer
634 4464 748 4522 Zusatz:
775 4465 846 4519 Item
865 4463 959 4518 nullus
980 4462 1077 4519 doctor
1094 4459 1230 4518 inedicine
1251 4463 1395 4517 censeatur
1413 4459 1448 4514 de
1466 4453 1576 4514 consilis

382 4552 527 4609 facultatis
546 4554 727 4620 medicinalis,
747 4553 800 4608 nisi
819 4557 883 4608 actu
901 4554 1006 4623 legens.
