3460 5314
671 475 787 530 Statuta
807 476 883 531 1495.
1310 481 1373 547 275

177 654 271 717 quem
293 633 370 697 ordo
400 633 561 718 tetigerit,
594 635 641 698 ita
663 633 747 718 quod
769 633 955 718 procedatur
977 657 997 699 a
1018 638 1142 701 seniore
1163 637 1198 700 in
1220 637 1376 704 iuniorem

177 737 347 802 secundum
370 736 534 814 ordinem,
559 759 653 820 quern
676 738 710 802 in
733 736 884 802 facultate
904 737 1034 819 habent,
1058 744 1090 804 et
1112 741 1229 805 circulo
1251 746 1379 826 peracto

177 841 349 926 incipiatur
373 842 488 906 iterum
511 864 530 906 a
552 843 683 906 seniore.
719 840 781 917 Qui
797 842 924 925 quidem
947 844 1083 910 decanus
1097 845 1141 910 sit
1156 845 1273 910 electus
1296 846 1378 910 dun·

60 965 65 976 ·
177 949 268 1010 taxat
289 967 346 1030 per
367 950 493 1030 tempus
515 946 602 1010 illius
624 944 755 1010 rectoris
777 945 820 1009 111
837 967 1014 1012 mansurus.
1059 948 1186 1013 Electus
1210 949 1380 1014 veretalia

178 1053 305 1116 tenetur
327 1073 484 1116 assumere
505 1051 686 1116 huiusmodi
708 1051 850 1116 officium
865 1052 924 1116 sub
938 1074 1021 1137 pena
1036 1053 1169 1118 duorum
1188 1052 1380 1118 florenorum

179 1153 259 1219 fisco
277 1155 437 1222 facultatis
460 1157 701 1234 abluendorum,
737 1155 799 1220 nisi
821 1177 916 1222 causa
937 1157 1081 1243 legitima
1102 1179 1207 1223 eoram
1231 1155 1381 1222 facultate

181 1259 346 1342 proposita
369 1282 402 1325 se
424 1260 529 1326 debite
551 1260 656 1326 valoet
676 1280 835 1326 excusare.

268 1363 349 1428 Item
373 1365 543 1430 statuimus
566 1365 649 1450 quod
672 1365 807 1430 decanus
829 1386 903 1430 cnm
924 1364 1071 1431 electioni
1087 1367 1125 1432 de
1146 1390 1179 1433 ee
1200 1369 1283 1433 facte
1304 1391 1379 1434 con-

180 1470 314 1534 senserit
336 1491 410 1534 mox
435 1469 517 1533 iuret
541 1469 574 1533 in
597 1491 709 1534 manus
732 1469 842 1534 decani
865 1470 1062 1553 precedentis
1084 1472 1238 1556 proximi,
1265 1477 1322 1536 aut
1342 1494 1379 1537 eo

181 1595 247 1637 non
270 1575 425 1638 existente
451 1574 582 1639 alterius
603 1575 741 1660 proximi
763 1575 960 1659 precedentis
979 1575 1013 1641 in
1028 1577 1187 1661 presentia
1209 1576 1381 1653 1111111111,

182 1679 266 1762 quod
300 1679 442 1744 officium
473 1701 566 1744 suurn
600 1679 734 1744 fideliter
768 1679 924 1744 exercebit
953 1679 995 1744 Et
1028 1683 1112 1764 quod
1138 1686 1284 1766 pretextu
1317 1682 1385 1746 eius

182 1783 231 1846 nil
262 1783 472 1868 attemptabit
505 1785 657 1861 scienter,
689 1785 773 1868 quod
806 1785 913 1868 aliquo
944 1785 1093 1850 modain
1116 1791 1224 1852 nostre
1246 1785 1383 1851 Vniuer-

182 1888 287 1952 sitatis
321 1892 376 1953 aut
409 1891 517 1954 nostre
549 1888 709 1954 facultatis
743 1889 893 1954 damnum
928 1895 983 1956 aut
1016 1889 1223 1974 preiudicium
1256 1911 1384 1976 vergere

183 1995 284 2076 possit
307 1995 364 2058 etc.

269 2097 444 2163 Statuimus
467 2097 598 2182 quodsi
622 2097 756 2162 decanus
789 2119 881 2162 suum
911 2097 1051 2163 officium
1081 2121 1145 2163 non
1168 2101 1274 2183 potest
1296 2121 1385 2164 exer·

182 2225 252 2269 cere
274 2203 339 2268 siue
361 2203 488 2268 decedat
510 2202 577 2266 siue
599 2203 724 2267 recedat
746 2226 765 2268 a
788 2203 857 2266 loco
890 2201 975 2267 infra
996 2204 1206 2268 mutationem
1229 2203 1384 2268 verisimi-

183 2309 258 2375 liter
280 2330 344 2374 non
368 2329 551 2372 reuersurus
574 2313 651 2372 tunc
674 2329 776 2372 nouus
792 2307 927 2372 decanus
942 2307 1089 2393 eligatur,
1114 2309 1219 2392 quiin
1241 2311 1385 2392 sequenti

183 2416 359 2480 mutatione
382 2415 424 2478 sit
447 2413 699 2490 commeaturus,
721 2414 749 2475 si
771 2413 871 2496 priori
894 2433 958 2476 nou
983 2413 1083 2477 fuerit
1115 2413 1199 2477 vltra
1222 2412 1384 2477 duodecim

187 2521 381 2605 septimanas
405 2519 439 2582 in
461 2518 576 2584 officio.

345 2749 400 2815 De
423 2750 659 2813 iuramento
683 2745 940 2810 intrantium
964 2744 1231 2809 facultatem.

275 2925 450 2990 Statuimus
473 2921 557 3006 quod
580 2921 715 2985 decanus
737 2920 878 2984 decatero
910 2919 1034 2983 nullum
1057 2918 1215 2983 doctorem
1241 2940 1306 2983 non
1329 2919 1390 2982 im·

187 3029 424 3095 matriculatum
446 3027 496 3091 111
519 3026 610 3090 alteri
632 3026 777 3090 facultati
799 3025 977 3109 obligatum
992 3022 1025 3086 iu
1041 3017 1320 3108 congregationem
1343 3021 1391 3086 fa·

187 3134 316 3202 cultatis
339 3132 487 3198 admittat
508 3131 640 3194 rotandi
662 3135 718 3194 aut
740 3129 900 3194 tractandi
916 3149 1018 3192 causa.
1065 3127 1147 3192 Item
1163 3127 1270 3191 nullus
1292 3128 1388 3190 ctiam

189 3241 387 3318 admittatur,
411 3237 474 3301 nisi
497 3236 585 3321 prius
608 3256 714 3300 coram
737 3234 888 3298 facultate
918 3232 1072 3296 iuraverit
1101 3232 1273 3296 secundum
1294 3231 1392 3294 talem

190 3347 338 3413 modum:
373 3343 439 3408 Vos
462 3340 609 3405 iurabitis
632 3339 805 3404 deliberare
828 3336 988 3402 consulere
1011 3339 1043 3400 11
1067 3338 1175 3399 111111
1197 3335 1332 3400 fideliter
1354 3333 1393 3397 ad

190 3453 361 3527 honorem,
394 3447 562 3510 utilitatem
595 3448 627 3508 et
657 3444 854 3508 honestatem
884 3440 1014 3505 iuridice
1045 3439 1206 3504 facultatis
1244 3438 1288 3503 Et
1311 3437 1394 3521 quod

194 3558 313 3621 secreta
347 3549 478 3616 consilia
507 3546 689 3623 facultatis,
721 3569 781 3630 que
810 3546 945 3610 decanus
975 3544 1173 3609 mandauerit
1204 3543 1333 3608 celanda
1355 3541 1395 3606 ad

192 3667 317 3745 tempus
341 3657 389 3721 111
412 3657 564 3738 perpetuo
586 3652 675 3715 iuxta
696 3651 782 3715 facta
804 3650 1007 3734 qualitatem,
1039 3672 1103 3715 non
1133 3649 1316 3713 reuelabitis
1353 3645 1396 3710 Et

195 3766 279 3851 quod
298 3761 450 3848 parebitis
472 3757 632 3822 mandatis
655 3756 765 3821 decani
780 3755 813 3819 in
829 3756 926 3819 licitis
949 3764 981 3820 et
995 3754 1137 3819 honestis
1152 3775 1244 3818 suum
1259 3751 1396 3816 offitium

193 3864 454 3935 concernentibus
485 3862 528 3927 Et
559 3861 642 3946 quod
673 3865 793 3925 statuta
824 3859 987 3924 facultatis
1018 3859 1147 3923 iuridice
1178 3857 1311 3920 firmiter
1340 3855 1396 3921 ob-

194 3971 362 4040 seruabitis
384 3970 451 4034 sine
474 3968 554 4033 dolo.
600 3965 720 4030 Dicite:
753 3964 808 4030 Ita
839 3967 927 4043 iuro,
958 3963 1043 4048 qued
1072 3985 1119 4028 uec
1142 3962 1234 4028 Deus
1266 3961 1399 4027 adiuuet

194 4086 224 4146 ct
247 4075 482 4161 occupatiorem
508 4073 698 4138 conditores.

598 4243 804 4310 Officium
826 4242 998 4307 Decani.

292 4405 467 4473 Statuimus
496 4406 580 4490 quod
616 4406 643 4468 si
675 4405 842 4488 qnisquam
873 4403 1037 4468 doctorum
1067 4400 1209 4484 requirat
1238 4398 1400 4477 decanum,

196 4515 351 4598 quatenus
375 4511 521 4590 mandet,
550 4515 585 4576 vt
607 4513 750 4574 votum
781 4531 872 4572 suurn
895 4512 951 4574 aut
973 4505 1059 4574 aliud
1086 4505 1169 4590 quod
1192 4505 1227 4568 in
1249 4503 1401 4569 facultate

1139 4609 1192 4664 18*
