3504 5322
632 426 850 498 Verordnungeu
871 430 946 486 less.
1319 440 1381 503 375

194 581 360 646 locacionis
393 582 427 647 in
458 584 586 651 ecclesia
608 585 758 666 totidem,
789 594 821 653 et
851 589 997 656 similiter
1019 591 1130 672 iaciat,
1154 616 1224 660 cum
1246 596 1385 682 insignia

194 683 393 770 Magistralia
422 691 590 774 receperit,
622 713 681 758 nee
711 694 852 778 pedellus
878 695 919 760 ab
951 696 1057 781 aliquo
1079 699 1290 784 predictorum
1313 704 1385 788 plus

193 793 378 874 extorquere
409 798 589 878 presumat,
619 797 680 862 nisi
710 799 780 881 quis
811 799 909 866 libere
939 801 1075 887 amplius
1103 806 1274 888 expendere
1296 808 1383 884 velit,

196 900 272 960 tunc
294 898 378 961 enim
402 899 541 983 pedellus
564 900 596 964 id
618 903 757 986 gratuite
778 905 915 989 recipere
936 910 1048 991 potest.

758 1273 823 1346 Ill.

453 1481 845 1556 VEllOItDNUNGEN
874 1485 970 1557 VON
1002 1485 1111 1558 1488.

277 1671 424 1755 Sequitur
453 1672 542 1755 copia
571 1671 784 1737 Nouorum
816 1673 1081 1740 Statutorum
1112 1699 1181 1742 seu
1213 1675 1380 1742 ordina-

324 1776 486 1840 tionum
509 1781 566 1842 ete.
590 1777 749 1843 facultatis
772 1780 920 1846 artistice.

281 1950 430 2027 Quamuis
453 1951 603 2016 hactenus
626 1952 802 2018 Statuta
825 1955 957 2038 quedam
980 1954 1309 2020 Vniuersitatis
1331 1978 1380 2020 sa-

192 2057 328 2123 lubriter
358 2058 423 2120 sint
445 2057 528 2121 edita
558 2059 642 2122 viam
671 2059 851 2122 atmodum
881 2059 913 2123 in
938 2039 1153 2134 Vniirersitate
1175 2064 1284 2124 nostra
1306 2081 1380 2143 pro-

194 2164 323 2228 cedendi
345 2162 519 2247 tangentia,
542 2183 649 2226 verum
672 2162 760 2226 iuxta
781 2163 883 2228 varios
908 2167 1083 2248 temporum
1107 2169 1138 2228 ct
1161 2186 1264 2228 rerum
1287 2187 1382 2229 euen-

188 2272 241 2334 tus
264 2268 442 2333 huiusmodi
464 2266 590 2332 Statuta
620 2269 794 2333 necessario
824 2269 984 2334 interdum
1014 2269 1167 2333 mutanda
1195 2269 1328 2334 veniunt
1349 2274 1381 2335 ct

188 2374 392 2451 emendanda,
416 2377 510 2456 prout
531 2375 669 2456 potestas
693 2377 725 2437 et
746 2373 878 2438 facultas
901 2372 1079 2438 huiusmodi
1102 2373 1291 2458 quibusdam
1309 2371 1379 2438 Sta-

188 2483 330 2544 tutorum
360 2478 572 2543 conditoribus
607 2499 751 2561 expresse
782 2477 954 2542 dinoscitur
982 2485 1141 2543 reseruata
1171 2477 1290 2544 Idcirco
1322 2501 1380 2563 pro

188 2585 302 2649 maiori
324 2590 355 2648 et
378 2583 476 2668 ipsius
510 2581 830 2646 Vniuersitatis
862 2586 894 2646 et
915 2581 1145 2647 facultatis
1177 2583 1381 2648 artistice

189 2690 352 2754 commodo
375 2689 515 2773 profectu
547 2690 579 2749 et
600 2687 737 2751 utilitate
767 2692 834 2752 tam
859 2687 997 2752 Illustris
1024 2687 1170 2752 dominus
1192 2693 1302 2754 noster
1324 2689 1379 2754 do-

188 2795 294 2860 minus
317 2793 530 2860 Enneacrunos
558 2815 660 2857 comes
684 2794 720 2858 de
743 2792 956 2880 Wirtcmberg
979 2797 1010 2858 et
1033 2792 1305 2879 Montepeligardo
1320 2797 1378 2858 etc.

189 2898 315 2978 Senior,
347 2903 499 2984 patronus
533 2901 639 2962 nostre
662 2897 897 2974 vniuersitatis,
929 2919 1023 2981 quam
1046 2897 1111 2976 alii,
1133 2897 1172 2961 ad
1195 2919 1273 2980 qnos
1296 2897 1379 2961 dicta

192 3004 405 3069 commutandi
429 3009 460 3068 et
482 3003 667 3068 emendandi
690 3003 822 3068 facultas
846 3007 975 3087 spectat,
1002 3001 1060 3066 Die
1075 3003 1223 3067 vicesima
1245 3000 1381 3085 septime

188 3110 304 3174 mensis
319 3109 430 3193 Marcij
447 3110 524 3174 anni
545 3108 718 3174 Saluatoris
740 3112 797 3172 eto.
822 3109 1025 3193 octuagesimi
1049 3107 1152 3173 octaui
1175 3106 1382 3191 personaliter

191 3215 412 3279 conuenientes
443 3215 581 3290 Quedam
612 3213 782 3278 Statuta
812 3235 858 3276 no
871 3234 918 3276 ua
947 3213 1128 3276 facultatem
1157 3212 1274 3276 artium
1307 3232 1381 3277 con·

190 3320 352 3384 cernencia
373 3320 491 3386 edenda
514 3320 669 3384 duxerunt
691 3323 723 3383 et
744 3319 917 3384 ordinanda
940 3321 1034 3402 atque
1057 3318 1142 3382 illico
1165 3317 1328 3382 ediderunt
1350 3319 1383 3380 et

188 3428 220 3487 et
242 3425 429 3490 ordinarunt
450 3425 481 3488 iu
506 3424 607 3488 forme
629 3423 812 3507 subscripta.

274 3634 463 3701 Secundo
486 3637 567 3720 quod
591 3637 707 3723 viginti
728 3636 861 3702 florenos
884 3637 921 3701 de
944 3634 1102 3720 quindena
1132 3634 1164 3697 in
1189 3633 1381 3718 quindenam

187 3741 352 3806 soluendos
381 3746 527 3806 restituat
559 3743 673 3807 decano
696 3740 862 3807 bonafide
885 3742 952 3806 loco
982 3741 1168 3818 iuramenti,
1197 3740 1225 3804 si
1248 3739 1380 3803 totidem

187 3847 349 3923 leuaucrit,
373 3846 440 3910 Aut
461 3848 487 3910 si
509 3847 615 3912 minus
629 3847 746 3932 viginti
767 3847 894 3912 florenis
910 3847 1063 3911 leuauerit
1079 3844 1163 3910 infra
1178 3844 1379 3928 quindenam,

187 3954 308 4018 eosdem
334 3953 544 4018 consimiliter
565 3953 714 4018 restituet
736 3975 818 4037 pena
840 3974 876 4016 ac
898 3951 1091 4037 obligatione
1114 3951 1221 4035 priori.

273 4057 421 4122 Tereia
445 4058 471 4122 si
495 4058 716 4144 vltraviginti
737 4058 871 4122 florenos
893 4057 979 4121 infra
1002 4056 1195 4140 quindenam
1218 4077 1237 4118 a
1258 4054 1379 4119 debito·

192 4162 281 4227 ribus
304 4163 467 4243 leuauerit,
491 4164 690 4228 medictatem
713 4161 806 4227 huius
829 4162 975 4227 similiter
991 4162 1106 4226 decano
1129 4161 1275 4224 restituat
1297 4158 1379 4223 bona

185 4268 247 4332 fide
269 4268 337 4334 loco
361 4270 540 4348 iuramenti,
570 4268 643 4334 Nisi
664 4269 702 4334 de
717 4291 869 4334 consensu
890 4266 1203 4352 superintendeutum
1218 4264 1379 4347 utriusque

188 4374 239 4438 vie
261 4373 339 4439 illud
363 4374 446 4442 vltra
468 4375 667 4441 medietatem
689 4374 898 4441 destinaretur
929 4373 963 4438 in
986 4371 1083 4438 alimn
1105 4392 1195 4436 vsum
1217 4392 1274 4456 pro
1296 4369 1378 4435 bono

186 4478 289 4547 burse.
571 4463 578 4480 ⁹
