3442 5314
517 446 542 501 8.
570 445 702 504 Statutcn
721 447 1007 506 romacianae.
1317 457 1360 522 53

155 673 210 738 De
240 675 334 742 vita
365 681 407 742 et
436 677 767 744 conuersatione
796 701 867 745 nec
901 702 980 745 non
1015 679 1207 746 vestibus
1238 705 1359 748 mem·
1449 743 1451 748 .

389 829 391 833 -
502 782 670 847 brorum
693 785 1014 850 uniuersitatis.

243 921 404 988 Hortandi
426 927 501 988 sunt
524 922 670 1008 deinceps
685 923 849 990 studentes
871 926 974 1010 primo
991 925 1030 991 ad
1053 947 1165 1004 mores,
1189 931 1225 990 vt
1246 949 1280 992 se
1302 927 1359 992 ho·

156 1029 245 1092 ueste
267 1032 382 1113 regant
405 1028 439 1092 in
462 1029 698 1094 conuersatione
721 1033 753 1095 et
767 1031 885 1094 vestitu
901 1027 943 1094 Et
959 1030 1024 1094 suis
1045 1030 1259 1115 superioribus
1273 1033 1359 1098 vide·

159 1130 235 1196 licet
250 1130 440 1198 Ductoribus
463 1136 495 1197 et
510 1131 673 1216 Magistris
698 1132 836 1198 debitam
864 1134 1075 1200 reuerentiam
1097 1137 1129 1198 et
1150 1134 1360 1202 obedientiam

156 1236 366 1323 impendant,
396 1243 428 1303 et
457 1260 529 1304 eum
551 1238 623 1303 aliis
654 1238 782 1323 pacifice
805 1240 933 1318 uiuant,
964 1239 1122 1303 neminem
1145 1238 1293 1319 ledendo,
1325 1241 1361 1306 in

160 1342 258 1406 bouis
287 1342 494 1408 exterioribus
531 1348 588 1408 aut
617 1364 746 1427 corpore
776 1344 826 1410 vel
846 1344 962 1422 uerbo,
995 1343 1088 1428 signo
1110 1343 1160 1408 vel
1182 1343 1283 1423 facto,
1306 1347 1360 1412 scd

156 1446 307 1514 omnibus
328 1447 436 1512 taliter
458 1469 491 1512 se
507 1447 686 1526 exhibeant,
710 1453 745 1512 vt
767 1469 806 1512 ex
821 1449 880 1514 hoe
896 1448 979 1514 bona
1001 1449 1217 1514 uniuersitatis
1241 1440 1375 1516 creseat'

156 1552 244 1618 fama
264 1557 297 1618 et
318 1552 420 1618 honor
442 1553 612 1619 eorundem
633 1553 810 1618 laudabilis.

246 1655 329 1722 Item
352 1657 459 1722 nullus
481 1659 677 1724 studentium
693 1659 831 1742 aliquem
853 1658 964 1724 ludum
986 1657 1190 1724 inhonestum
1212 1658 1361 1724 nociuum

162 1768 220 1828 aut
242 1763 463 1828 inconsuetum
485 1763 535 1827 vel
553 1764 730 1830 vicinorum
751 1768 808 1829 aut
829 1764 947 1829 ciuium
969 1765 1010 1830 ad
1026 1764 1106 1829 iram
1121 1764 1362 1849 prouocatiuum

157 1867 191 1932 in
235 1868 328 1934 domo
357 1867 407 1933 vel
440 1869 553 1954 plateis
582 1869 697 1936 habeat
725 1869 763 1934 de
784 1873 876 1934 nocte
905 1871 955 1934 vel
976 1870 1157 1954 crepusculo
1179 1891 1292 1934 eurora
1312 1867 1363 1932 vel

157 1973 218 2051 die,
241 1973 300 2038 snb
323 1993 403 2056 pena
425 1973 591 2039 aRectore
613 1975 740 2058 suisque
762 1973 958 2041 Consiliariis
981 1997 1040 2059 pro
1062 1979 1204 2059 tempore
1225 1973 1361 2038 arbitra-

159 2077 235 2144 liter
257 2077 437 2164 infligenda.

248 2181 330 2248 Item
353 2183 514 2248 studentes
537 2183 576 2248 de
591 2185 681 2248 nocte
696 2203 760 2248 non
776 2187 934 2269 vagentur
949 2184 983 2248 in
999 2184 1123 2268 plateis,
1146 2183 1201 2250 sed
1223 2184 1257 2248 in
1272 2203 1357 2247 com·

161 2287 264 2352 modis
287 2287 351 2352 suis
375 2291 406 2351 et
429 2286 533 2352 bursis
555 2285 716 2351 laboribus
738 2289 877 2353 vacando
904 2289 1052 2354 studiosis
1075 2291 1291 2374 permaneant.

245 2391 413 2458 Studentes
435 2396 577 2476 preterea
592 2413 648 2475 per
660 2391 810 2458 Rectores
825 2393 993 2458 bursarum
1017 2396 1051 2458 ct
1066 2393 1144 2458 alios
1160 2392 1360 2468 inducantur,

158 2501 195 2562 vt
225 2518 307 2561 uon
339 2497 580 2562 choreissnt
612 2496 645 2558 in
676 2495 796 2561 choreis
829 2496 948 2561 ciuium
972 2497 1114 2580 publice,
1138 2495 1218 2560 'Nisi
1240 2494 1280 2560 ad
1302 2493 1362 2558 hoc

158 2603 339 2688 specialiter
362 2605 464 2668 essent
486 2600 616 2668 inuitati
637 2599 696 2664 sub
719 2621 801 2685 pena
823 2605 935 2685 quarte
958 2602 1059 2686 partis
1082 2601 1194 2666 floreni
1209 2599 1360 2679 recensis,

158 2711 216 2774 aut
238 2707 356 2772 maiore
378 2708 468 2772 iuxta
491 2705 567 2770 laeti
590 2707 623 2769 et
644 2726 786 2770 excessus
810 2706 996 2791 qualitatem
1020 2707 1200 2791 infligenda.

247 2811 382 2878 Nullum
404 2811 532 2894 insuper
555 2810 774 2876 uniuersitatis
790 2812 968 2878 membrum
991 2813 1087 2878 tacite
1108 2813 1158 2876 vel
1180 2811 1360 2888 manifeste,

159 2917 277 2982 directe
299 2917 349 2983 vel
365 2917 525 2994 indirecte,
548 2916 795 2980 mercatiam
810 2921 952 2982 exerceat
968 2917 1228 3002 qualitercunque
1250 2938 1361 3000 quam-

160 3023 216 3088 din
237 3022 415 3108 priuilegiis
437 3005 572 3086 voluerit
594 3020 732 3107 gaudere
754 3025 786 3085 et
809 3021 906 3086 studii
928 3021 1139 3086 libertatibus.

252 3127 333 3193 Item
357 3127 468 3193 famuli
484 3126 712 3212 Magistrcrum
728 3124 902 3190 Doctorum
924 3127 974 3190 vel
992 3125 1195 3191 Studentium
1217 3125 1362 3202 aliorum,

159 3238 193 3298 st
214 3234 243 3300 si
264 3255 329 3298 nou
352 3237 459 3298 exacte
481 3232 648 3308 studeant,
678 3231 846 3296 dummodo
876 3233 983 3296 tanim
1012 3233 1090 3296 alias
1112 3253 1131 3296 a
1153 3229 1308 3296 scandalis
1330 3234 1363 3295 et

159 3339 283 3404 actibus
306 3338 426 3404 illicitis
449 3337 647 3414 abstineant,
681 3334 907 3402 nichilominus
938 3334 1153 3402 uniuersitatis
1180 3333 1363 3420 gaudebuut

161 3443 348 3528 priuilegiis.

248 3547 374 3614 Habeat
395 3547 517 3614 interea
539 3548 674 3632 quilibet
704 3546 833 3612 scolaris
864 3545 997 3630 simplex
1026 3549 1097 3612 actu
1120 3544 1290 3610 Ductorem
1312 3542 1362 3608 vel

160 3655 357 3741 Magistrum
388 3654 423 3718 in
454 3654 512 3719 hac
533 3653 740 3719 uniuersitate
762 3651 888 3738 publice
914 3655 1077 3736 regentem
1100 3655 1134 3716 et
1154 3649 1361 3726 laborantem,

162 3762 249 3826 euius
271 3759 422 3825 lectiones
452 3762 484 3824 et
514 3759 662 3826 exercitia
684 3759 866 3843 frequenter
889 3757 1015 3836 audiat,
1046 3756 1272 3841 impedimento
1295 3775 1361 3820 ces-

160 3869 250 3931 sante
272 3864 427 3951 legitimo,
451 3864 541 3930 Alias
564 3887 622 3950 pro
644 3864 791 3929 studente
810 3862 941 3928 minime
956 3861 1156 3948 reputabitur
1171 3881 1272 3944 neque
1294 3859 1361 3944 pri·

161 3971 288 4058 uilegiis
311 3970 462 4055 gaudebit
485 3970 693 4036 studentium.

248 4076 424 4142 Statuimus
448 4076 605 4154 similiter,
630 4079 665 4140 vt
680 4075 787 4141 nullus
802 4073 998 4140 studentium
1015 4071 1143 4135 nomine
1167 4074 1199 4134 et
1221 4091 1254 4133 re
1276 4072 1362 4134 ortos
1441 4125 1446 4136 .

162 4184 271 4248 domos
293 4180 344 4246 vel
366 4201 453 4245 areas
476 4181 688 4264 cuiuscunque
710 4177 779 4242 sine
798 4177 1003 4263 permissione
1019 4180 1074 4240 aut
1089 4195 1242 4239 consensu
1256 4173 1361 4252 huius,

162 4287 200 4351 ad
224 4307 317 4370 quem
342 4289 474 4370 spectat,
499 4285 696 4372 ingrediatur
718 4284 885 4367 presertim
909 4280 1015 4346 auimo
1038 4279 1169 4343 nocendi
1190 4279 1239 4344 vel
1262 4279 1363 4345 offen-

161 4392 257 4458 dendi
280 4391 339 4456 sub
360 4412 443 4475 pena
464 4391 560 4458 medii
583 4390 693 4456 floreni
716 4385 934 4453 uniuersitatis
957 4385 1033 4451 fisco
1056 4384 1276 4469 persoluendi,
1302 4385 1363 4450 nisi

166 4501 298 4584 propter
319 4496 398 4563 iacti
419 4497 607 4580 qualitatem
628 4493 742 4560 maiori
763 4493 871 4559 veniat
892 4513 973 4577 pena
995 4491 1185 4576 plectendus.
