3464 5318
329 406 391 470 104
612 401 655 456 20.
674 398 752 454 Neue
770 397 925 454 Redaction
943 396 993 452 der
1012 395 1144 453 Statuten
1163 396 1239 453 1500.

324 564 374 630 nis
397 584 430 627 se
451 561 603 626 offerente
632 557 710 622 duos
740 560 796 621 aut
817 559 882 620 tres
911 555 1078 621 dumtaxat
1106 527 1187 620 bone
1210 554 1408 622 discretionis
1430 554 1526 633 viros,

325 669 352 735 si
376 665 453 752 quid
475 668 581 752 petere
604 666 660 730 aut
691 682 866 746 proponere
887 659 1004 740 velint,
1035 659 1075 724 ad
1097 659 1223 724 eosdem
1245 659 1373 726 mittere
1406 657 1529 744 possint

327 774 363 860 [f.
389 773 456 856 aa]

747 938 796 1004 De
818 939 952 1005 carceris
973 961 1107 1005 accessu.

424 1081 557 1168 Insuper
595 1080 723 1165 quidam
757 1078 930 1144 fenestram
960 1077 1092 1144 carceris
1126 1078 1228 1146 nostri
1256 1101 1315 1166 pro
1346 1101 1415 1154 cum
1449 1079 1529 1144 inibi

329 1189 466 1257 detentis
495 1186 648 1252 habendis
678 1184 844 1269 colloquiis
874 1188 929 1249 aut
963 1184 1040 1248 alias
1075 1183 1165 1248 adire
1186 1183 1246 1248 visi
1269 1187 1353 1248 suut.
1400 1182 1529 1248 Inhibet

326 1295 410 1362 alma
437 1295 549 1357 nostra
576 1289 765 1355 uniuersitas
796 1289 911 1375 quibus
940 1311 1034 1375 supra
1063 1291 1218 1355 vniuersis
1251 1295 1283 1356 et
1306 1290 1441 1376 singulis
1463 1289 1529 1355 eius

325 1398 508 1484 suppositis,
531 1419 572 1461 ne
594 1389 722 1480 aliquod
744 1395 808 1460 tole
829 1393 839 1430 ¹
862 1396 994 1459 inantea
1015 1395 1133 1479 absque
1155 1394 1284 1480 speciali
1306 1395 1450 1460 Rectoris
1471 1417 1530 1479 pro

326 1509 468 1589 tempore
489 1501 621 1568 licencia
654 1500 746 1566 modo
768 1500 920 1585 premisso
950 1522 1107 1566 carcerem
1128 1503 1273 1566 nostrum
1296 1498 1530 1586 quomodolibet

329 1609 473 1675 accedere
496 1609 673 1693 presumat,
703 1610 798 1692 prout
821 1605 887 1671 eius
917 1606 1049 1671 carceris
1079 1608 1134 1671 unt
1164 1605 1260 1672 aliem
1285 1605 1392 1672 forsan
1416 1628 1530 1691 penam

327 1713 507 1801 grauiorem
530 1710 637 1796 cupiat
659 1711 786 1776 euitare.
811 1710 848 1794 [f.
873 1714 914 1775 36
938 1711 982 1792 v.]

705 1938 753 2004 De
775 1938 871 2004 missa
893 1938 1108 2004 uniuersitatis
1127 1937 1149 2004 ².

419 2079 521 2144 Debet
545 2101 669 2165 quoque
692 2079 835 2144 officiens
858 2078 886 2142 si
901 2081 1025 2162 tempus
1041 2080 1163 2164 patitur
1181 2082 1215 2144 in
1238 2081 1333 2146 missa
1355 2081 1393 2146 de
1416 2081 1532 2166 spiritu

333 2189 444 2250 sancto
465 2184 637 2270 adiungere
659 2183 806 2249 collectas
828 2181 914 2260 duas,
938 2204 1033 2247 unam
1049 2182 1087 2248 de
1102 2183 1195 2250 beata
1209 2184 1334 2271 virgine
1355 2185 1450 2248 aliam
1473 2207 1532 2269 pro

330 2289 602 2370 benefactoribus,
634 2289 781 2354 similiter
804 2287 838 2352 in
862 2287 959 2352 missa
980 2287 1018 2351 de
1039 2288 1133 2354 beata
1156 2289 1281 2375 virgine
1303 2288 1473 2374 adiungat,
1504 2289 1532 2353 si

332 2399 456 2479 tempus
480 2394 632 2472 admittit,
657 2393 802 2459 collectas
818 2393 895 2457 duas
918 2415 1012 2477 super
1035 2391 1150 2478 spiritu
1172 2397 1280 2460 sancto
1303 2398 1335 2459 et
1357 2416 1415 2479 pro
1436 2394 1531 2460 bene-

332 2498 513 2565 lectoribus.

400 2689 439 2743 Zu
467 2688 561 2745 diesen
580 2689 715 2744 Zusttaen
742 2688 842 2744 liefern
868 2688 914 2744 die
940 2688 1192 2760 ntchstfolganden
1210 2690 1296 2744 Jahre
1323 2689 1394 2745 noch
1421 2687 1534 2744 weltere

329 2776 573 2846 Bestirnmnngen,
598 2774 701 2830 welche
729 2775 774 2830 bei
791 2775 841 2832 der
859 2774 1017 2846 Verlesung
1039 2776 1089 2832 der
1108 2777 1241 2834 Statuten
1255 2777 1286 2847 je
1302 2795 1349 2832 am
1368 2775 1534 2847 goeigneten

333 2864 400 2921 Orte
417 2864 623 2935 eingeschaltet
641 2865 765 2920 wurden.

789 3057 836 3124 De
858 3057 1073 3144 plasphemiis.

418 3198 566 3264 Preterea
597 3199 779 3264 conclusum
811 3201 860 3263 est
890 3201 1001 3263 contra
1023 3196 1236 3282 plasphemias
1260 3197 1451 3264 inhibitione
1473 3223 1533 3285 pu-

329 3304 428 3370 bliea:
464 3309 495 3367 1⁰
524 3325 732 3390 prorumpens
761 3304 794 3367 in
826 3303 1056 3388 plasphemism
1088 3303 1215 3388 proprie
1247 3303 1364 3368 dictam
1395 3305 1534 3383 scolaris,

332 3429 395 3491 qua
416 3407 484 3473 Deo
507 3408 636 3492 aliquod
658 3409 806 3474 indecens
829 3408 985 3473 attribuat
1006 3411 1062 3472 aut
1084 3407 1185 3472 eidem
1216 3407 1299 3492 quod
1329 3408 1411 3474 inest
1434 3410 1535 3475 inesse

331 3511 544 3598 denegarent,
568 3514 603 3578 in
625 3513 842 3578 uniuersitatis
865 3534 987 3578 carcere
1003 3513 1189 3597 quindeeem
1204 3512 1313 3578 diebus
1334 3517 1367 3579 et
1388 3515 1534 3580 noctibus

330 3618 489 3684 continuis
516 3619 709 3698 detineatur,
742 3618 832 3684 nullo
865 3619 936 3684 cibo
967 3641 1063 3704 quam
1085 3640 1183 3704 pane,
1216 3619 1305 3683 nullo
1335 3622 1414 3706 potu
1438 3641 1534 3703 quam

330 3746 413 3808 aqua
435 3727 491 3789 aut
513 3725 575 3790 offa
596 3726 734 3809 simplici
748 3746 811 3791 rna
832 3745 906 3791 curn
921 3724 1091 3790 stramineo
1113 3725 1194 3790 lecto
1212 3725 1425 3789 iumentorum
1449 3745 1535 3789 more

331 3829 508 3916 gauisums,
533 3835 566 3894 2⁰
589 3833 798 3917 prorumpens
814 3830 848 3896 in
865 3852 934 3896 eam
950 3829 1195 3914 plasphemiam‚
1219 3850 1282 3913 qua
1303 3829 1360 3893 deo
1382 3828 1538 3893 attributa
1629 3909 1645 3930 ..

332 3937 388 4000 aut
410 3932 607 4001 sanctissime
628 3936 839 4001 humanitatis
868 3957 923 4001 sue
946 3935 1087 4000 membra
1121 3934 1290 4000 crudeliter
1313 3937 1344 3998 et
1366 3934 1464 4017 impie
1486 3934 1536 3997 iu·

331 4041 430 4106 rando
446 4044 501 4106 aut
517 4040 729 4106 maledicendo
745 4043 960 4128 assumpserit,
984 4063 1040 4126 per
1062 4065 1123 4127 que
1138 4063 1202 4106 non
1217 4042 1279 4106 nisi
1294 4040 1410 4105 ribaldi
1433 4040 1536 4104 iurare

333 4149 365 4210 et
387 4145 572 4212 maledicere
594 4146 802 4232 perhibentur
820 4148 871 4212 rel
892 4149 999 4214 mucbt
1015 4149 1171 4214 schwerer
1186 4146 1273 4224 dieti,
1297 4146 1324 4210 is
1339 4149 1411 4210 octo
1427 4144 1536 4210 diebus

334 4254 366 4316 et
389 4251 535 4317 noctibus
557 4251 652 4317 dietis
674 4252 831 4318 similibus
855 4252 925 4318 cibo
954 4258 988 4317 et
1009 4255 1086 4337 potu
1109 4256 1141 4316 et
1163 4253 1243 4317 lecto
1266 4250 1382 4336 prefati
1404 4250 1536 4316 carceris

404 4463 418 4517 l
438 4478 474 4518 sc.
493 4459 675 4534 suppositum.
746 4462 764 4517 2
781 4461 808 4516 S.
828 4463 870 4526 65,
889 4465 906 4518 8
924 4478 950 4515 v.
970 4477 996 4515 u.
1015 4460 1087 4516 noch
1106 4458 1233 4530 pernulis.
