3460 5314
606 457 721 560 statue
740 503 807 560 nu
825 521 852 558 u.
867 505 942 560 1505.
1313 505 1377 572 329

178 666 271 751 isipse
293 688 331 732 ex
353 666 428 732 fiseo
450 664 612 732 facultatis
633 669 769 750 quatuor
790 662 925 729 florenos
948 685 1019 728 cum
1039 662 1245 728 intitulatum
1260 661 1378 729 Bacca-

178 772 417 838 lsureandorum
440 775 471 836 et
494 770 801 857 Magistrandorum‚
833 791 897 834 non
920 767 1121 834 obstantibus
1146 767 1217 852 alijs
1240 767 1301 834 sibi
1325 768 1378 836 de·

178 876 262 954 bitis,
286 878 391 942 leuare
416 876 539 942 habeat.

266 983 315 1046 12.
361 980 507 1065 Denique
530 981 643 1046 statuit
665 980 817 1059 facultas,
840 979 886 1044 Vt
912 979 1041 1044 inantea
1062 978 1206 1044 Deeanus
1232 1000 1297 1044 non
1321 979 1379 1042 ha-

177 1088 249 1152 beat
282 1109 383 1171 neque
417 1087 528 1151 debeat
562 1107 716 1172 exponere
747 1085 916 1170 quicquam
947 1083 1074 1148 nomine
1102 1083 1264 1150 facultatis
1297 1084 1380 1148 vltra

178 1195 369 1278 quartam
392 1192 408 1257 f
416 1192 577 1270 leterii,
608 1189 703 1258 Nisi¹
728 1212 799 1256 eum
822 1187 976 1254 conformi
991 1187 1135 1253 omnium
1150 1187 1380 1274 Magistrorum

269 1399 362 1465 ¹Von
379 1408 439 1464 hier
464 1425 501 1462 an
524 1408 576 1462 het
595 1400 649 1466 B.:
680 1401 742 1466 nisi
765 1423 835 1466 cum
866 1401 995 1466 maioris
1020 1402 1121 1486 partis
1153 1400 1379 1488 magistromm

183 1505 219 1570 de
241 1505 373 1570 consilio
394 1505 452 1570 fac.
477 1525 638 1571 consensu.

263 1607 345 1675 Item
367 1609 477 1675 electio
501 1610 610 1676 decani
639 1609 698 1676 fae.
722 1632 749 1674 a.
782 1632 838 1694 per
859 1614 961 1676 vota
990 1611 1160 1676 occulte
1193 1609 1380 1694 prestita

179 1715 244 1792 fiat,
268 1714 378 1799 preuia
400 1719 505 1780 tamen
523 1714 777 1792 interlocutione,
800 1715 847 1780 ite
861 1719 967 1780 temen
985 1715 1068 1799 quod
1092 1715 1234 1780 omnium
1257 1718 1289 1779 et
1312 1715 1378 1778 sin-

180 1821 328 1906 gulorum
351 1823 425 1885 vota
447 1821 487 1886 ab
510 1821 642 1904 antiquo
664 1820 781 1884 decano
808 1821 1009 1907 colligantur.
1061 1899 1064 1904 Ι

178 1993 231 2060 De
253 1995 437 2080 pecunia
459 2017 532 2079 per
554 1994 764 2060 Decanum
787 1996 1033 2080 recipienda
1058 2000 1097 2060 et
1119 1996 1378 2080 exponenda.

264 2133 404 2210 Quilibet
427 2135 571 2201 Decanus
601 2135 728 2200 nouiter
750 2135 887 2212 electus,
921 2157 995 2199 mox
1030 2137 1104 2219 post
1135 2135 1294 2200 rationem
1325 2156 1381 2220 per

178 2239 347 2324 antiquum
371 2239 532 2306 Decanum
555 2240 682 2317 factam,
706 2240 873 2325 pecuniam
895 2261 952 2324 per
973 2240 1105 2304 eundem
1131 2237 1296 2304 Decanum
1317 2260 1374 2302 an·

181 2344 305 2428 tiquum
329 2349 541 2430 presentatam
564 2346 597 2408 in
614 2345 774 2429 presentia
795 2344 957 2409 facultatis
976 2367 1039 2408 vna
1061 2365 1132 2408 cum
1155 2365 1227 2408 cera
1249 2347 1281 2408 et
1303 2342 1374 2407 aliis

180 2449 219 2512 ad
241 2448 301 2513 fac.
325 2450 543 2533 spectantibus
566 2451 606 2515 ad
629 2454 660 2516 et
682 2452 716 2514 in
740 2471 844 2516 ericam
860 2451 984 2536 integre
998 2450 1152 2533 deponere
1168 2453 1200 2513 et
1215 2447 1374 2513 recludere

179 2554 280 2630 debet,
304 2554 363 2618 sub
386 2555 492 2619 debito
514 2556 640 2642 prestiti
663 2555 843 2619 iuramenti.
889 2555 928 2618 ln
947 2575 1042 2638 quam
1066 2575 1170 2618 arcam
1193 2552 1292 2618 eciam
1314 2553 1377 2616 duo

175 2659 300 2737 sedule,
333 2681 466 2743 quarum
489 2681 551 2724 vna
573 2681 728 2725 recessum
752 2659 878 2744 antiqui
902 2659 1038 2739 Decani,
1071 2658 1194 2742 reliqua
1225 2678 1379 2722 summam

177 2767 279 2828 totam
302 2767 460 2849 repertam
482 2765 650 2842 retineant,
675 2765 888 2829 includantur.

263 2867 345 2933 Item
368 2866 511 2933 Decanus
540 2869 578 2934 ad
609 2891 699 2934 vsum
721 2872 804 2934 vltra
835 2870 940 2934 decem
962 2867 1093 2936 florines
1117 2869 1156 2933 de
1177 2866 1311 2952 pecunia
1332 2867 1381 2932 fa-

180 2972 308 3038 cultatis
329 2995 386 3057 per
409 2973 623 3040 iuramentum
645 2997 710 3038 non
733 2974 873 3058 recipiat.

264 3078 346 3143 Item
369 3080 519 3164 magister
542 3080 582 3145 de
603 3080 735 3144 consilio
750 3079 810 3144 fac.
835 3079 952 3144 artium
974 3081 1137 3142 statum
1160 3097 1278 3141 suum
1300 3096 1381 3138 mu·

177 3187 270 3247 tans
294 3183 327 3247 in
350 3205 412 3248 vno
433 3184 547 3248 florino
569 3184 752 3260 honoretur,
776 3186 849 3266 post
871 3182 993 3246 scilieet
1016 3180 1177 3266 primicias
1199 3179 1381 3270 celebratas,
1462 3255 1466 3264 .

177 3295 248 3372 post
276 3288 557 3354 solennisationem
591 3287 808 3368 matrimonij,
852 3289 925 3370 post
961 3284 1173 3369 receptionem
1205 3282 1381 3368 insignium

178 3393 387 3459 doctoralium
410 3394 444 3457 in
467 3391 570 3457 tribus
593 3391 808 3477 superioribus
824 3389 1040 3455 facultatibus.
1088 3390 1232 3455 Decenus
1247 3409 1331 3466 vero,
1354 3386 1382 3452 si

178 3502 296 3564 statum
319 3498 500 3578 mutauerit‚
525 3499 558 3562 in
582 3497 703 3562 duobus
726 3496 848 3560 florinis
870 3496 1007 3559 honoret
1047 3543 1054 3558 .

265 3603 347 3668 Item
371 3602 513 3668 Decanus
543 3603 676 3688 legendo
707 3605 828 3667 statuta
858 3600 1021 3665 facultatis
1055 3603 1161 3686 potest
1183 3597 1321 3682 recipere
1343 3617 1380 3660 ex

182 3710 257 3774 fiseo
281 3713 427 3794 quartam
455 3712 579 3794 partem
601 3708 728 3786 florem,
761 3708 794 3771 in
825 3706 1001 3771 subsidium
1031 3703 1210 3770 collationis
1240 3701 1382 3768 habende

183 3836 253 3879 cum
276 3813 438 3898 magistris
461 3835 532 3878 eum
554 3812 794 3878 honorantibus.

265 3918 348 3984 Item
362 3918 509 3984 Decanus
524 3919 695 4006 magistros
720 3919 754 3982 in
777 3917 920 4003 prandiis
937 3938 992 3981 suo
1010 3914 1118 3979 ordine
1132 3915 1234 3978 locare
1256 3911 1381 3989 habeat,

178 4023 205 4086 si
228 4023 299 4107 quis
322 4027 428 4088 autem
451 4024 533 4088 circa
554 4023 614 4089 hoc
637 4021 763 4088 Decano
795 4045 848 4086 seu
872 4023 938 4086 eius
961 4021 1110 4085 mandato
1133 4041 1197 4084 non
1220 4019 1381 4102 obtempe-

178 4128 307 4207 rauerit‚
330 4128 403 4193 talis
427 4130 491 4194 suis
514 4130 659 4214 expensis
681 4128 850 4213 prandium
874 4127 987 4204 soluat,
1015 4127 1054 4190 ad
1077 4124 1165 4190 cuius
1189 4145 1270 4208 pene
1291 4144 1382 4187 exac-

178 4234 298 4298 tionem
320 4232 465 4299 Deoanus
486 4235 656 4320 diligenter
678 4234 811 4319 vigilare
835 4232 959 4297 hebeat.

265 4337 347 4402 Item
378 4338 521 4404 decetero
544 4339 689 4404 Decanus
720 4337 882 4404 facultatis
915 4335 1033 4401 artium
1056 4334 1185 4400 stallum
1208 4332 1324 4398 habeat
1348 4332 1382 4395 in

178 4444 299 4528 capella
321 4444 547 4524 uniuersitatis,
571 4446 604 4509 in
628 4446 753 4511 sedibus
770 4445 944 4521 doctorum,
969 4463 1064 4526 quem
1080 4440 1221 4524 pedellus
1237 4437 1275 4502 ad
1293 4442 1382 4504 aetus

177 4549 320 4634 publicos
343 4552 438 4635 atque
461 4551 500 4615 ad
522 4552 678 4636 templum
701 4572 822 4635 semper
846 4549 1024 4615 comitetur.
