3460 5314
698 411 814 465 Statuta
833 410 909 466 1495.
1335 415 1399 479 279

202 570 386 656 dispensare
407 569 441 634 in
464 570 594 635 dimidio
615 591 700 636 anno
713 572 849 633 tantum.
895 567 1094 653 Teneturque
1109 569 1261 636 circulum
1277 571 1401 655 publice

199 697 297 740 anum
321 679 437 740 tenere.

286 780 361 844 Istis
385 779 539 864 expeditis
562 785 595 844 et
617 802 673 865 per
695 779 880 844 facultatem
909 778 1103 862 precognitis
1126 779 1245 863 poterit
1266 780 1400 846 facultas

87 901 92 912 “
199 885 238 968 (si
262 886 291 950 ei
314 884 485 968 videbitur)
517 906 647 948 examen
679 885 800 969 aperire
817 883 941 948 ‘eidem
988 881 1057 958 Quo
1078 881 1162 946 facto
1184 883 1399 969 assignabitur

198 988 410 1074 promouendo
433 989 508 1066 dies,
534 1011 596 1072 quo
618 989 796 1054 ordinarius
820 1009 894 1052 suus
909 1009 1001 1052 mane
1017 987 1194 1072 assignabit
1217 987 1276 1051 sibi
1299 1011 1398 1072 punc-

196 1099 266 1158 tum
288 1094 321 1157 in
344 1094 431 1170 iure,
461 1093 496 1155 in
526 1115 588 1176 quo
618 1092 796 1177 promoueri
819 1092 995 1169 desiderat,
1026 1092 1110 1175 quod
1133 1092 1282 1157 recitabit
1305 1095 1399 1159 etad

200 1199 305 1283 ipsum
328 1198 530 1283 respondebit
563 1197 670 1262 eodem
701 1197 751 1261 die
781 1200 854 1281 post
884 1196 1052 1280 prandium
1082 1196 1161 1262 hora
1190 1198 1327 1263 secunda
1349 1199 1399 1264 vel

197 1301 302 1380 tertia,
327 1305 422 1388 prout
443 1301 597 1385 placuerit
631 1301 800 1366 ordinario.
846 1299 907 1376 Qui
937 1301 1065 1385 quidem
1089 1302 1268 1366 ordinarius
1291 1303 1399 1367 eodem

199 1427 292 1471 mane
315 1410 467 1491 punctum
491 1405 655 1470 ethoram
678 1405 831 1470 examinis
862 1425 933 1468 cum
956 1406 1026 1469 loco
1049 1406 1184 1490 singulis
1219 1406 1399 1472 doctoribus

200 1510 234 1573 in
256 1509 408 1576 facultate
430 1509 613 1594 regentibus
636 1533 693 1595 per
715 1510 856 1576 cedulam
873 1510 1021 1574 intimare
1038 1509 1173 1588 debebit,
1197 1515 1231 1576 vt
1246 1511 1398 1577 intersint

197 1615 335 1679 examini
359 1616 457 1699 ipsius
478 1615 695 1699 promouendi.
743 1614 810 1690 Quo
833 1615 926 1679 finito
951 1615 1057 1680 iurent
1080 1635 1203 1691 omnes,
1228 1617 1312 1699 quod
1334 1639 1397 1681 non

195 1719 296 1783 velint
318 1741 390 1784 eum
413 1741 608 1804 promouere,
632 1720 695 1784 nisi
719 1721 849 1784 credant
871 1741 942 1784 eum
964 1721 1122 1806 ydoneum
1144 1718 1271 1786 Sceluso
1294 1709 1403 1786 amore·

198 1824 248 1887 vel
270 1823 350 1888 odio.
397 1823 466 1900 Quo
488 1824 571 1889 facto
593 1827 626 1888 et
648 1825 827 1890 examinato
850 1846 906 1908 per
928 1824 1111 1890 facultatem
1128 1825 1265 1890 admisso
1288 1829 1319 1890 et
1342 1849 1399 1910 ap-

200 1928 334 2012 probato
366 1930 551 2014 designetur
581 1931 683 1994 eidem
705 1930 789 2006 dies,
826 1950 888 2014 quo
920 1930 1097 1995 ordinarius
1120 1951 1194 1994 suas
1216 1930 1341 2016 publice
1363 1953 1399 1996 ao

197 2033 371 2098 solenniter
392 2035 422 2099 ei
445 2035 579 2121 gradum
602 2034 744 2100 conferat
761 2035 1025 2113 baccalaureatus‚
1049 2035 1211 2120 proposita
1225 2035 1287 2099 sibi
1302 2057 1398 2118 quae·

195 2138 308 2217 stione,
333 2161 427 2224 quam
451 2143 483 2204 et
507 2140 739 2206 determinabit.

612 2362 668 2428 De
691 2363 977 2429 lieentiando.

280 2552 456 2620 Statuimus
471 2555 578 2638 itaque
594 2558 677 2640 quod
693 2557 800 2621 nullus
816 2557 1003 2621 admittatur
1019 2554 1057 2620 ad
1074 2577 1205 2620 examen
1220 2577 1278 2639 pro
1293 2556 1395 2640 gradu

191 2660 375 2725 licentio
397 2661 430 2723 in
454 2661 530 2740 iure,
554 2662 618 2726 nisi
641 2662 729 2746 prius
751 2663 784 2726 in
801 2661 962 2746 presentia
993 2659 1155 2724 facultatis
1186 2659 1327 2724 docuerit
1350 2660 1394 2724 le·

198 2765 310 2850 gitime
332 2765 382 2828 vel
415 2765 527 2830 saltem
559 2789 615 2832 suo
648 2767 826 2832 iuramento
859 2765 901 2848 (si
923 2764 1069 2829 facultati
1096 2765 1241 2848 inspecta
1262 2786 1396 2848 persone

193 2868 345 2952 qualitate
361 2868 392 2932 id
409 2869 533 2933 videtur
547 2870 703 2956 sufficere)
719 2871 802 2955 quod
814 2892 870 2954 per
883 2870 1022 2954 quinque
1039 2891 1138 2934 annos
1158 2868 1307 2934 lectiones
1318 2870 1398 2952 pub-

192 2972 252 3037 lice
268 2973 425 3038 audiuerit
448 2975 482 3038 in
506 2974 599 3039 scolis
621 2997 657 3040 ac
678 2975 839 3041 studuerit
863 2975 896 3038 in
919 2996 955 3039 eo
978 2974 1056 3052 iure,
1081 2975 1192 3056 inquo
1216 2975 1394 3058 promoueri

195 3077 359 3156 desiderat,
377 3079 411 3142 in
423 3079 529 3162 aliquo
542 3080 647 3144 studio
658 3081 798 3166 generali
812 3081 859 3144 vel
872 3079 1076 3164 priuilegisto
1091 3077 1142 3143 Ita
1153 3079 1299 3143 videlicet
1314 3079 1397 3164 quod

194 3182 388 3246 ordinariam
410 3184 578 3248 lectionem
593 3205 716 3269 semper
738 3185 771 3247 in
795 3185 835 3248 iu
848 3206 890 3248 re
911 3184 1117 3248 canonico
1139 3183 1248 3247 volens
1271 3203 1396 3266 promo-

192 3285 260 3350 ueri
286 3285 329 3349 Et
344 3286 474 3352 Sextum
495 3292 527 3352 et
542 3287 755 3353 Clementinas
778 3289 875 3353 semel
897 3288 1053 3352 adfinem
1077 3286 1241 3351 audiuerit.
1279 3286 1397 3351 Volens

190 3412 266 3455 vero
289 3392 469 3474 promoueri
492 3393 526 3458 in
549 3395 645 3459 iure
667 3393 791 3458 civili
815 3393 935 3470 doceat,
959 3392 1041 3476 quod
1057 3391 1253 3456 ordinariam
1274 3413 1397 3475 semper

192 3499 226 3559 et
262 3517 357 3560 ruam
390 3519 428 3560 ex
458 3498 529 3562 aliis
558 3499 597 3561 ad
627 3499 731 3562 minus
765 3498 931 3563 audiuerit.
986 3497 1095 3563 Potest
1124 3501 1231 3560 tamen
1261 3495 1395 3561 facultas

192 3603 226 3664 in
248 3600 306 3665 hoc
329 3624 366 3665 ex
390 3623 482 3667 causa
504 3603 575 3667 illas
599 3609 779 3688 permutare
801 3607 833 3668 et
855 3625 927 3668 eum
950 3625 985 3668 eo
1008 3603 1042 3666 in
1072 3623 1135 3666 vno
1158 3623 1242 3666 anno
1266 3600 1395 3685 dispen-

191 3727 261 3770 sare
283 3709 418 3770 tautum.
474 3707 677 3793 Tenetnrque
708 3731 804 3774 vnam
833 3709 1054 3793 repetitionem
1085 3706 1211 3794 publice
1233 3706 1336 3770 facere
1358 3729 1394 3771 ac

191 3832 315 3874 cursum
340 3810 402 3875 sibi
425 3835 444 3875 a
466 3812 618 3877 facultate
640 3813 834 3897 assignatum
858 3813 1023 3897 complere.
1069 3810 1193 3876 Poterit
1215 3812 1323 3875 tamen
1346 3809 1394 3873 fa-

190 3916 292 3980 cultas
313 3939 408 4001 super
431 3917 493 3981 hiis
516 3939 554 3982 ex
577 3939 669 3982 causa
692 3918 881 4001 dispensare.

280 4019 362 4084 Item
396 4022 586 4100 statuimus,
618 4023 749 4106 quodsi
773 4022 923 4106 quisper
957 4022 1117 4107 integrum
1142 4020 1395 4104 quinquennium

197 4125 232 4188 in
255 4147 317 4190 vno
340 4127 408 4190 iure
430 4128 587 4192 audiuerit
609 4133 641 4192 et
663 4127 748 4192 infra
770 4128 851 4192 idem
875 4126 1126 4211 quinquennium
1149 4126 1183 4188 in
1207 4125 1306 4190 altero
1329 4125 1395 4190 iure

190 4252 247 4314 per
278 4230 473 4310 triennium,
507 4233 590 4315 quod
618 4236 695 4297 tunc
724 4233 841 4298 habeat
869 4231 1004 4298 facultas
1042 4231 1180 4313 (attenta
1213 4231 1394 4316 ydonietate

189 4335 337 4419 persone)
373 4335 557 4401 facultatem
580 4338 792 4422 dispensandi.
839 4337 986 4402 Preterea
1014 4338 1041 4401 si
1064 4359 1120 4421 per
1143 4335 1395 4420 quinquennium

189 4439 224 4503 in
247 4462 310 4505 vno
334 4441 647 4525 complacentium,
670 4445 762 4508 finito
785 4443 1003 4527 quinquennio
1026 4443 1053 4508 si
1077 4443 1109 4506 in
1134 4442 1233 4505 altero
1256 4442 1393 4525 comple-
