3442 5314
687 475 712 529 8.
734 472 867 527 Statuteu
883 487 948 526 vom
967 471 992 525 9.
1010 468 1077 523 Okt.
1098 468 1175 523 14⁷7.

692 769 882 855 Expense
906 767 1025 833 huius
1049 765 1184 831 Missa.

419 947 601 1014 celebranti
624 945 754 1010 Missam
770 944 832 1007 duo
848 943 964 1007 dentur
979 941 1073 1006 solidi
1100 941 1258 1006 hallenses
1280 939 1415 1024 Legeuti
1439 957 1535 1002 euan-

333 1057 453 1142 gelium
476 1077 529 1119 sex
552 1051 673 1117 denarii
695 1050 829 1135 Legenti
864 1047 1038 1133 epistolam¹
1064 1047 1196 1112 totidem
1218 1045 1345 1110 Rectori
1368 1042 1537 1108 scolarium

334 1161 395 1224 duo
417 1158 510 1224 solidi
533 1157 689 1221 hallenses
711 1153 882 1241 Orguniste
906 1155 968 1219 duo
991 1153 1084 1218 solidi
1105 1151 1261 1217 hallenses
1276 1151 1368 1215 Illius
1390 1147 1537 1213 seruitori

335 1271 401 1330 tres
423 1263 545 1329 denarii
561 1261 678 1326 Edituo
702 1283 755 1325 sex
771 1260 892 1325 denarii
908 1260 969 1324 Ast
986 1259 1111 1322 demum
1129 1257 1212 1321 inter
1227 1275 1379 1342 pauperes
1403 1256 1537 1337 quatuor

338 1371 431 1436 solidi
453 1369 609 1434 bullenses
631 1389 703 1432 oum
725 1365 856 1431 dimidio
879 1363 1121 1430 distribuantur.

422 1579 560 1645 Domum
583 1579 617 1644 in
640 1583 790 1645 euentum
813 1578 847 1642 iu
871 1598 965 1661 quem
989 1574 1157 1641 Ductorem
1178 1574 1229 1638 rel
1245 1572 1458 1638 Licentiatum
1480 1593 1532 1635 su·

332 1685 492 1770 pariorum
525 1682 714 1749 facultatum
747 1685 854 1747 nostre
891 1681 1109 1745 vuinersitatis
1138 1679 1223 1744 viam
1255 1678 1399 1742 rniuerse
1431 1677 1535 1742 caruis

332 1789 470 1874 migrare
492 1789 664 1874 contigerit
687 1788 842 1854 Volumus
865 1787 992 1851 funus
1014 1787 1101 1852 illius
1123 1786 1163 1851 ad
1186 1785 1365 1869 sepulcrum
1387 1805 1443 1868 per
1464 1783 1535 1848 vni-

331 1892 516 1957 nersitatem
537 1897 752 1970 conuocatam,
776 1891 884 1956 debita
906 1891 1053 1955 subsalua
1071 1891 1268 1976 processione
1282 1889 1413 1954 conduci
1430 1887 1536 1972 Ipsam

339 2017 463 2080 quoque
487 1998 726 2063 uniuersitatem
754 1997 875 2083 vigiliis
896 2000 930 2061 et
951 1995 1049 2060 Missa
1070 1996 1290 2061 defunctorum
1320 2015 1387 2058 esse
1408 2013 1536 2078 presen-

330 2103 395 2164 tem
418 2099 507 2167 Idem
540 2123 606 2167 esse
641 2103 786 2168 volumus
810 2106 842 2168 et
871 2101 942 2166 fieri
973 2102 1011 2166 de
1033 2101 1174 2185 quolibet
1196 2101 1351 2187 Magistro
1373 2099 1533 2164 facultatis

331 2205 459 2268 artium.

419 2394 507 2460 Licet
529 2400 635 2460 autem
660 2398 708 2477 (rt
721 2395 842 2479 placuit
857 2394 1039 2480 Aristoteli)
1061 2417 1125 2460 non
1147 2395 1190 2460 sit
1212 2397 1371 2480 premium
1395 2397 1534 2461 dandum

336 2499 561 2567 inuentoribus
577 2523 733 2568 nouarum
756 2501 862 2586 legum
878 2499 1015 2585 Ideoque
1029 2501 1179 2586 frequens
1195 2502 1301 2587 legum
1323 2502 1461 2567 mutatio
1483 2501 1534 2566 iu-

336 2606 547 2671 stabilitatem
577 2607 717 2690 parturit
738 2604 974 2672 Niohilomiuus
1003 2611 1108 2672 tamen
1130 2606 1275 2673 volumus
1298 2611 1330 2672 et
1352 2607 1532 2684 statuimus,

335 2716 370 2775 vt
392 2712 537 2795 quotiens
565 2733 680 2796 urgens
703 2711 890 2790 necessitas,
920 2715 977 2776 aut
999 2711 1217 2776 rniuersitatis
1249 2712 1377 2777 euidens
1400 2712 1533 2790 utilitas,

334 2816 471 2881 cuiusuis
506 2817 619 2880 statuti
660 2817 800 2903 exegerit
833 2817 1043 2883 mutationem
1075 2817 1369 2901 interpretationem
1401 2817 1535 2902 abroga-

333 2922 453 2986 tionem
481 2925 536 2986 aut
575 2922 650 2986 noui
685 2923 799 2987 statuti
828 2923 998 2987 editionem
1020 2921 1146 2988 Extune
1168 2921 1239 2999 hiis3
1274 2921 1331 3004 qui
1353 2941 1392 2985 ex
1413 2923 1534 2985 statuto

333 3030 551 3111 representant
572 3028 828 3106 uniuersitatem,
853 3050 925 3093 cum
947 3049 1093 3113 expresso
1115 3027 1197 3092 scitu
1219 3029 1251 3091 et
1272 3025 1437 3091 voluntate
1458 3025 1533 3090 illu·

331 3131 405 3195 stris
431 3130 549 3195 domiui
572 3131 675 3195 nostri
698 3131 819 3197 domiui
840 3133 986 3217 patroni,
1010 3135 1120 3196 vocato
1143 3131 1300 3197 etiamad
1323 3131 1384 3197 hoc
1407 3131 1535 3196 domino

328 3236 524 3302 Cancellario
546 3235 646 3302 Juxta
668 3260 797 3304 casuum
820 3238 1050 3323 emergentium
1073 3259 1110 3302 ao
1131 3239 1310 3321 temporum
1340 3237 1534 3322 exigentiam

330 3347 361 3406 et
384 3343 581 3426 qualitatem,
605 3343 786 3410 huiusmodi
809 3347 929 3407 statuta
950 3344 1087 3408 condent
1117 3343 1271 3407 innoueut
1294 3343 1462 3408 emendent
1484 3347 1533 3407 at-

329 3469 389 3531 que
410 3447 602 3525 reforment,
636 3470 696 3532 que
732 3448 878 3513 similiter
908 3449 943 3512 in
974 3471 1030 3514 suo
1060 3449 1171 3513 robore
1194 3447 1361 3533 persistere
1389 3447 1533 3514 volumus

329 3573 364 3616 ac
385 3552 413 3615 si
443 3573 579 3637 paruos
610 3557 713 3617 essent
734 3554 861 3618 condita
893 3554 1065 3632 insonate,
1101 3553 1266 3618 emendata
1298 3555 1330 3616 et
1362 3552 1533 3618 reformata

327 3655 480 3740 Alioquin
511 3657 705 3721 decernimus
736 3659 863 3722 irritum
892 3680 949 3743 per
971 3663 1132 3743 presentes
1154 3661 1185 3722 et
1209 3657 1317 3734 inane,
1353 3657 1379 3720 si
1403 3679 1533 3724 meuse

329 3783 488 3845 quoquam
511 3765 736 3847 attemptatum
757 3763 862 3828 fuerit.

399 3949 481 4004 Univ.
500 3952 602 4006 Archiv
620 3952 676 4006 Mh.
695 3952 715 4016 1,
734 3956 759 4006 4.
795 3951 966 4024 Pergameut
984 3953 1037 4007 mit
1054 3953 1144 4023 Siegel
1164 3953 1212 4008 des
1233 3952 1311 4007 Abte.
