3442 5314
534 461 558 514 8.
580 458 713 514 Stetnten
730 475 794 516 vom
813 462 838 515 9.
857 458 923 516 ort.
944 461 1019 518 1477.
1336 466 1376 530 47

172 637 248 704 gere
271 618 350 684 velit
371 619 619 686 Promissionem
652 641 776 705 quoque
799 621 1013 686 creatoribus
1043 622 1210 688 bursarum
1233 622 1270 688 de
1293 623 1379 687 clau·

171 747 246 790 sura
268 725 439 790 sanandam
461 726 551 790 iuxta
573 729 767 790 statutorum
790 729 930 794 tenorem
955 727 1022 794 illic
1044 728 1218 794 solenniter
1241 728 1380 812 recipere

172 829 214 894 ab
236 829 363 896 eisdem.

262 935 418 1002 Volumus
439 935 588 1002 similiter
609 940 642 1001 et
664 937 856 1014 ordinamus,
881 938 963 1022 quod
977 937 1094 1004 Rector
1115 939 1242 1006 nouiter
1264 941 1381 1006 electus

173 1045 247 1126 post
269 1041 387 1108 faelem
409 1042 595 1108 electionem
617 1063 691 1106 mox
707 1046 796 1128 petat
819 1041 880 1108 sibi
902 1043 1060 1129 assignari
1076 1043 1378 1122 Consiliarios,

175 1145 231 1230 qui
253 1146 364 1224 cidem,
388 1145 510 1212 etiamsi
537 1169 601 1214 non
625 1148 765 1232 petierit,
789 1147 1005 1232 adiungantur
1026 1153 1179 1233 quatuor,
1203 1172 1281 1234 quos
1304 1153 1381 1214 tuno

173 1250 414 1316 uniuersitatem
436 1257 689 1336 representantes
711 1253 862 1318 duxerint
884 1253 1054 1338 eligendos,
1078 1254 1133 1338 qui
1155 1277 1264 1320 omues
1286 1256 1377 1320 dum-

173 1355 267 1420 modo
289 1377 346 1441 per
372 1355 535 1422 Rectorem
567 1358 670 1423 vocati
693 1357 831 1435 luerint,
862 1358 999 1424 fideliter
1022 1358 1124 1424 sidem
1146 1359 1180 1422 in
1201 1359 1378 1426 'traetmdis

174 1459 313 1545 negotiis
335 1460 480 1527 assistere
502 1466 673 1528 tencantur
696 1465 728 1528 et
750 1463 874 1530 astricti
895 1462 1042 1530 existant

270 1563 327 1630 Hii
357 1566 454 1632 etiam
485 1565 666 1633 Consiliarii
700 1589 756 1653 per
791 1567 929 1653 pedellos
961 1568 1010 1634 vel
1043 1568 1202 1653 pedellum
1236 1570 1380 1656 requisiti

176 1668 304 1734 Rectori
326 1670 452 1736 obedire
474 1676 653 1752 teneantur,
677 1677 711 1740 et
734 1672 925 1740 iudicialiter
947 1673 1094 1752 assidere,
1115 1675 1174 1740 sub
1197 1696 1279 1759 pena
1301 1675 1379 1740 duo·

174 1795 247 1838 rum
269 1775 441 1860 solidorum
456 1777 668 1856 denariorum,
693 1801 788 1863 quam
803 1779 909 1863 quiuis
923 1783 1051 1846 vocatus
1066 1779 1171 1846 soluat
1185 1779 1379 1860 inobediens,

174 1901 270 1946 causa
291 1881 405 1948 saltem
427 1883 569 1950 absentie
590 1883 735 1970 legitima
749 1888 889 1950 cessante
904 1883 1084 1950 Dictaririne
1100 1884 1209 1968 preuio
1224 1885 1379 1964 Rectoris,

176 1988 414 2070 ceterorumque
437 1987 696 2056 (basilianorum
720 2011 777 2075 pro
800 1991 859 2056 tali
881 1993 1037 2074 reputata

265 2090 413 2158 Preterea
446 2094 632 2175 statuimus,
661 2099 698 2160 vt
719 2095 836 2162 Reotor
869 2117 928 2179 pro
958 2098 1099 2179 tempore
1125 2115 1190 2164 nou
1211 2095 1379 2162 testifi-

177 2198 296 2261 cetur
317 2197 355 2261 de
378 2198 482 2262 studio
505 2199 638 2264 alicuius
655 2201 793 2278 scolaris,
816 2200 880 2264 nisi
896 2199 1078 2266 testimonio
1093 2199 1218 2266 credulo
1232 2200 1281 2264 sui
1297 2198 1380 2264 Doc-

175 2300 255 2366 toris
276 2300 326 2365 vel
349 2300 496 2386 Magistri
519 2325 575 2388 por
599 2305 759 2390 sigillatas
781 2305 890 2372 literas
911 2308 1046 2370 ostenso.
1099 2302 1217 2372 Nullus
1245 2304 1380 2387 denique

177 2403 298 2470 Ductor
327 2406 377 2472 vel
406 2405 561 2493 Magister
591 2410 776 2476 testificetur
807 2410 946 2494 aliquem
974 2431 1066 2474 suum
1095 2408 1201 2474 fuisse.
1226 2413 1281 2473 aut
1313 2431 1380 2474 esse

177 2510 340 2588 scolarem,
366 2511 428 2576 nisi
451 2512 556 2596 palam
579 2514 708 2600 cognito
731 2513 813 2598 quod
837 2513 911 2578 talis
932 2513 1061 2580 scolaris
1083 2513 1171 2578 velut
1192 2514 1289 2580 ceteri
1312 2519 1379 2578 slu-

177 2614 287 2680 deutes
318 2617 386 2680 siue
416 2615 526 2684 fraude
556 2619 604 2683 vel
632 2618 760 2684 fictione
793 2639 981 2702 quacunque
1010 2618 1204 2684 auditionem
1233 2639 1288 2684 sue
1319 2620 1380 2685 lec-

177 2719 275 2784 tionis
299 2721 521 2788 continauerit.

264 2825 414 2911 Amplius
436 2850 506 2894 cum
523 2850 616 2894 nemo
638 2828 702 2892 suis
718 2826 886 2912 stipendiis
900 2828 1040 2894 militare
1056 2832 1188 2914 cogatur
1204 2826 1380 2894 Statuimus

180 2933 214 2995 et
233 2932 428 3012 ordinamus,
452 2934 535 3017 quod
546 2931 662 2998 Rector
684 2931 901 2998 uniuersitatis
922 2953 980 3017 pro
1002 2936 1145 3018 tempore
1167 2932 1243 2996 duos
1266 2932 1381 2998 solidos

178 3034 335 3102 bullenses
366 3039 404 3104 de
428 3039 611 3116 matricula,
645 3042 677 3102 et
698 3037 825 3103 tertiam
847 3037 983 3102 aliorum
1011 3039 1155 3102 omnium
1176 3059 1215 3102 ex
1237 3037 1382 3122 penitet

179 3144 485 3228 transgressionibus
507 3143 762 3230 proueniantium
786 3143 921 3208 durante
935 3143 1041 3208 officio
1055 3144 1105 3210 sui
1127 3147 1301 3208 rectoratus
1324 3141 1381 3206 ha·

177 3246 251 3311 best
273 3251 397 3333 partem
413 3248 559 3314 Pecuniis
581 3247 844 3332 proueniantibus
864 3269 884 3312 a
906 3248 1128 3332 promouendis
1151 3248 1305 3314 duntaxat
1327 3269 1381 3312 ex·

73 3393 76 3398 ¹
179 3351 289 3436 ceptis,
313 3353 395 3419 vnde
416 3353 532 3418 habere
554 3358 587 3418 et
608 3353 713 3418 leuare
736 3353 862 3420 debebit
877 3358 913 3416 vt
928 3353 1081 3437 sequitur.
1128 3353 1211 3418 Item
1232 3375 1252 3418 a
1273 3351 1380 3416 docto·

181 3458 281 3522 raudo
303 3459 337 3522 in
353 3457 529 3544 Theologia
549 3459 617 3523 iure
639 3462 695 3522 aut
713 3458 870 3524 medicina
885 3457 1022 3522 medium
1038 3458 1192 3522 florenum
1207 3477 1381 3532 rorensem,

178 3560 333 3626 birretum
349 3562 463 3648 duplex
480 3567 512 3627 st
534 3561 718 3647 cyrothecas
733 3562 762 3628 Α
780 3561 971 3644 licentiqndo
996 3560 1029 3626 in
1043 3562 1217 3648 Theologia
1230 3561 1298 3626 siue
1314 3561 1382 3624 iure

178 3670 235 3732 aut
257 3668 422 3746 medicina,
448 3667 614 3734 dimidium
636 3667 834 3733 florenumrl
857 3667 1123 3733 baccalaureando
1146 3666 1179 3732 in
1198 3665 1381 3752 Theologia,

178 3771 245 3837 iare
267 3777 323 3838 aut
344 3772 521 3850 medicina,
553 3777 584 3838 et
607 3797 627 3838 a
647 3773 866 3860 magistrando
899 3774 931 3838 iu
955 3773 1077 3838 artibus
1100 3773 1240 3858 quinque
1263 3771 1381 3836 solidos

178 3876 336 3944 bullenses
364 3877 525 3954 Quatenus
556 3871 768 3944 emolimentis
804 3879 985 3944 huiusmodi
1025 3877 1086 3942 sibi
1122 3874 1381 3962 suffragantibus,

180 3980 344 4047 honestius
367 3983 589 4068 decentiusque
610 4006 669 4069 pro
692 3983 811 4048 honore
833 3983 1069 4060 uniuersitatis,
1099 3984 1218 4046 statum
1241 3979 1381 4045 debitum

179 4108 305 4152 seruare
335 4089 446 4174 possit.
498 4087 655 4155 Volumus
677 4092 840 4176 preterea,
873 4087 955 4174 quod
985 4087 1100 4153 Rector
1135 4087 1202 4171 ipse
1234 4084 1381 4150 omnibus

179 4191 303 4256 aclibus
325 4193 508 4258 solennibus
531 4198 563 4258 et
586 4193 721 4279 publicis
744 4193 961 4260 uniuersitatis
984 4194 1135 4258 interesse
1157 4191 1276 4268 debeat,
1306 4191 1382 4255 item

180 4296 315 4382 siugulis
339 4300 531 4384 computatis
551 4299 643 4365 modo
667 4300 820 4386 premium
836 4299 1061 4384 defalcatisque
1076 4298 1198 4374 solutis,
1223 4295 1382 4362 residuum

178 4424 235 4486 per
265 4425 383 4468 nouum
406 4403 572 4470 Rectorem
604 4411 636 4471 et
669 4406 741 4472 illos
771 4406 827 4490 qui
850 4405 954 4471 claues
977 4408 1094 4489 gerunt
1114 4401 1191 4480 fisci,
1215 4401 1324 4466 statim
1348 4401 1381 4467 iu

178 4507 289 4573 fiscum
313 4513 486 4594 reponatur
508 4511 566 4576 sub
588 4510 713 4597 prestiti
738 4512 909 4577 iuramenti
933 4510 1047 4576 debito.
