3462 5314
723 502 808 560 1495.

169 668 217 726 14.
243 662 430 746 ermpertus
452 660 526 726 Rdd
548 661 586 725 de
608 660 830 726 Pfaffenhofen
856 667 895 727 14
920 662 1010 728 Febr.

171 772 220 832 15.
245 765 407 830 (16666166
431 765 577 830 Stueklin
601 766 638 830 de
661 765 862 851 Simeringen
890 770 930 831 23
956 766 1045 832 Febr.

169 876 217 936 16.
231 870 369 961 ⁴Vlrieus
392 868 596 936 Scrinietoris
619 871 656 935 de
679 869 878 955 Rotemburg
901 875 941 936 25
966 871 1058 936 Febr.

168 981 216 1040 17.
240 975 352 1040 Frater
374 974 537 1040 Conradus
561 974 686 1041 Heiden
710 976 746 1040 de
770 974 969 1056 (1616616161,

169 1086 218 1145 18.
242 1080 354 1145 Frater
376 1079 538 1146 Johannes
563 1081 685 1146 Mentel
709 1082 747 1146 de
769 1079 972 1166 Ndrmberga
996 1082 1093 1166 (baec.
1118 1081 1279 1168 Ingolst.)‚

170 1191 218 1250 19.
242 1185 354 1250 Frater
384 1184 493 1251 Simon
524 1185 646 1252 Cesaris
680 1187 718 1252 de
748 1185 881 1252 Kolmer
910 1188 975 1252 ord.
1017 1187 1048 1252 S.
1081 1187 1163 1273 Aug.
1205 1194 1223 1252 6
1248 1189 1367 1269 Martii,
1423 1199 1428 1206 '

243 1291 378 1376 quilibet
399 1291 485 1356 dedit
512 1298 526 1356 1
552 1316 575 1358 6.

167 1399 217 1462 20.
242 1395 432 1462 Laurentius
454 1396 585 1482 Cephen
607 1398 645 1463 de
668 1395 782 1462 Fleeht
812 1401 830 1461 6
854 1396 974 1462 Martii.

168 1503 218 1563 21.
242 1499 404 1565 Johannes
427 1500 527 1565 Rulin
550 1501 588 1565 de
610 1501 710 1566 Cdsen
736 1506 772 1565 11
799 1502 918 1566 Martii.

168 1608 218 1667 22.
243 1603 379 1669 Micheel
399 1605 474 1670 Stor
497 1605 535 1670 de
557 1605 649 1669 Murr
673 1604 852 1692 (Merpueh)
879 1610 917 1670 15
940 1606 1059 1671 Martii.

170 1713 220 1774 23.
245 1708 408 1775 Johannes
432 1710 538 1776 Seholl
561 1711 599 1775 de
621 1709 805 1775 Blauburen
831 1716 870 1775 16
892 1711 1004 1776 Martii
1027 1713 1114 1777 dedit
1141 1718 1155 1776 1
1182 1735 1205 1776 s.

169 1819 220 1880 24.
244 1813 344 1878 Wilh.
368 1814 542 1879 Beldeeker
565 1815 602 1880 de
624 1813 772 1901 Ebingen
796 1814 895 1897 (bace.
921 1816 1076 1903 Ertford.)
1104 1823 1152 1882 16.

168 1924 218 1985 25.
243 1919 387 1985 Andreas
409 1919 679 2006 Schellemberger
702 1921 739 1986 de
762 1922 946 2001 Telendorff
972 1922 1037 1988 ead.
1065 1923 1122 1987 die.

168 2028 218 2088 26.
244 2023 434 2090 Wilhelrnus
458 2023 616 2111 Sehilling
639 2026 755 2091 nobilis
781 2031 819 2090 17
844 2025 963 2092 Martii.

167 2135 218 2195 21.
242 2112 935 2216 Β6661161166Α66616666111616616366
962 2133 1030 2197 ead.
1057 2133 1115 2198 die.

169 2239 220 2300 28.
246 2234 408 2300 16166666
431 2233 591 2299 Μ61166116
613 2236 651 2299 16
674 2235 850 2322 Tuwingen
876 2240 914 2300 21
940 2236 1058 2302 Martii.

170 2345 220 2405 29.
244 2339 406 2405 Johennes
430 2339 612 2426 Prunigde
635 2341 813 2426 Tuwingen
837 2342 902 2406 ead.
931 2341 990 2405 die.

171 2449 222 2509 30.
246 2445 405 2510 Martinus
428 2445 551 2531 Prunig
573 2446 611 2510 de
633 2445 810 2531 Tuwingen
838 2447 904 2511 eud.
929 2446 987 2509 die.

171 2555 222 2614 31.
247 2549 449 2616 Sebastianus
473 2549 615 2616 Sehuber
638 2552 676 2616 de
699 2551 876 2636 Tuwingen
902 2554 942 2614 23
966 2550 1085 2614 Martii.

169 2660 220 2720 32.
245 2654 355 2720 Heinr.
380 2655 505 2719 Tretlin
528 2655 666 2742 (Drdtle)
691 2657 729 2721 de
750 2655 884 2742 Egessin
908 2655 1070 2740 (Egissen)
1094 2660 1144 2720 30.

170 2765 221 2827 33.
246 2761 407 2827 Johannes
430 2760 638 2827 Buwentistel
661 2763 699 2827 de
721 2763 898 2847 Tuwingen
924 2767 939 2825 1
965 2761 1042 2846 Apr.

170 2872 220 2932 34.
243 2866 435 2931 Wilhelmus
458 2867 597 2932 Hoream
620 2890 691 2932 zum
714 2867 805 2932 Horn
832 2873 846 2930 l
872 2865 950 2950 Apr.

171 2977 221 3037 35.
245 2972 408 3038 Johannes
430 2971 610 3037 Bernhuser
633 2973 671 3037 de
692 2972 869 3037 Bittenfeld
893 2973 958 3036 eed.
983 2973 1041 3037 die.

171 3081 221 3141 36.
245 3075 381 3141 Michael
404 3075 508 3141 Dauid
530 3077 568 3142 de
590 3075 791 3162 Mndelspaeh
813 3077 878 3140 ead.
903 3077 961 3142 die.

171 3184 221 3245 37.
245 3178 408 3244 Johannes
430 3179 603 3266 Hofmayer
626 3181 664 3245 de
689 3181 839 3246 Haideelr.

170 3289 220 3350 38.
248 3284 402 3370 Georgius
423 3284 509 3349 Durr
532 3286 570 3350 de
592 3285 805 3371 Herremberg
828 3285 893 3350 ead.
919 3285 969 3350 die
991 3285 1076 3350 dedit
1103 3291 1116 3349 1
1142 3307 1167 3348 6.

171 3395 221 3454 39.
245 3389 371 3473 Sigism.
395 3389 608 3456 Finsterholtz
631 3392 668 3456 de
692 3390 924 3476 Gundelfingen
950 3395 968 3454 5
992 3390 1070 3475 Apr.
1095 3390 1181 3456 dedit
1208 3395 1221 3453 1
1248 3412 1271 3454 s.

171 3502 222 3562 40.
246 3493 459 3580 Woifgangus
482 3495 628 3564 Fleehter
651 3497 688 3560 de
710 3495 892 3580 Memiugen
919 3495 1031 3579 7Apr.
1142 3551 1151 3568 ,

170 3605 222 3665 41.
246 3599 408 3664 Johaunes
431 3599 606 3665 Husehelin
629 3601 667 3665 de
689 3601 866 3685 Turdngen
892 3605 910 3664 9
936 3599 1013 3684 Apr.

171 3709 222 3770 42.
246 3704 382 3770 Kerolus
405 3704 496 3770 Golle
519 3707 557 3771 de
579 3706 727 3791 Thurege
753 3711 791 3770 10
816 3706 893 3790 Apr.

171 3815 221 3875 43.
247 3809 408 3875 Oenredus
430 3809 519 3876 Seius
544 3812 580 3876 de
602 3810 779 3896 Rdtlingen
803 3815 844 3874 24
868 3811 946 3895 Apr.

172 3923 224 3981 44.
248 3915 291 3979 Μ.
316 3913 476 3981 Conradus
501 3916 668 4003 Gdslinger
692 3918 729 3982 de
751 3916 904 4001 Trieberg
927 3919 966 3980 27
991 3914 1068 3999 Apr.

171 4027 223 4086 45.
246 4020 357 4085 Frater
379 4018 540 4086 Johennes
564 4021 667 4087 Bdhel
689 4023 727 4087 de
749 4020 812 4086 Lar
837 4025 878 4086 28
902 4021 980 4106 Apr.
1004 4019 1090 4084 dedit
1116 4024 1130 4082 1
1157 4039 1181 4080 6.

243 4212 283 4266 16.
303 4210 340 4264 Μ.
358 4210 390 4264 A.
413 4211 487 4266 1501.
508 4242 538 4250 -
561 4210 601 4265 18.
622 4210 658 4263 M.
679 4212 711 4264 A.
731 4211 808 4266 1496.
845 4205 1222 4276 Prof.1'h.inwittenberg
1242 4208 1319 4263 1506.
1339 4237 1372 4246 -

169 4301 212 4356 23.
229 4299 267 4353 M.
282 4301 313 4353 A.
334 4299 401 4352 1498
419 4299 461 4352 616
481 4297 581 4352 Mieh.
600 4299 673 4352 Mur
692 4297 726 4352 de
743 4298 887 4369 Marpauh.
907 4327 938 4336 -
959 4297 1001 4350 24.
1022 4293 1171 4364 Eppingen
1187 4293 1225 4348 Μ.
1245 4294 1277 4348 Α.
1298 4294 1374 4348 1496.

172 4417 204 4428 -
224 4387 265 4442 25.
285 4403 318 4440 ex
337 4383 483 4441 Aleudorff
498 4386 535 4439 M.
549 4385 583 4438 A.
598 4386 673 4440 1500.
705 4385 1004 4452 Schellenberg
1023 4381 1057 4435 de
1069 4380 1209 4437 Allndorf.
1229 4411 1262 4422 —
1281 4381 1324 4436 27.
1338 4381 1373 4434 Μ.

170 4475 203 4530 A.
226 4475 304 4530 1500.
324 4503 357 4513 -
375 4473 417 4527 30.
437 4472 474 4526 Μ.
488 4472 521 4525 A.
542 4471 617 4527 1502.
638 4499 668 4511 -
689 4471 731 4525 39.
749 4469 996 4525 Finsterfels
1016 4467 1050 4523 de
1062 4467 1245 4523 Mundriehen
1258 4468 1326 4523 Mfe.
1343 4500 1371 4507 --

170 4563 213 4617 41.
231 4561 309 4616 steht
327 4561 411 4616 sehon
424 4561 491 4615 1490
508 4560 591 4613 unter
603 4557 658 4612 den
667 4557 830 4626 Magistern,
850 4557 899 4611 der
907 4555 998 4610 Neme
1016 4555 1053 4608 ist
1071 4557 1139 4611 eber
1157 4555 1243 4610 wider
1262 4556 1374 4626 getilgt.

225 4669 356 4710 Urkunden
370 4668 411 4708 der
426 4667 454 4709 U.
468 4666 598 4718 Tubingen.
1122 4645 1156 4700 34
