3462 5320
520 465 563 520 41.
583 465 716 520 Statuten
734 465 761 519 d.
779 463 813 520 U.
831 482 886 522 von
905 467 982 522 1537.
1292 471 1356 540 215

156 630 293 692 atrorum
323 625 513 692 habitabunt
543 631 575 691 et
604 626 709 691 cibum
732 625 828 691 ctiam
850 625 992 710 capient,
1029 627 1088 692 nisi
1120 627 1205 692 forte
1227 629 1298 713 quis
1321 630 1355 693 iu

156 731 273 816 oppido
296 754 365 797 cum
390 733 531 812 doctore,
562 735 755 817 praeceptore
777 736 833 797 cut
856 736 939 797 certe
962 731 1149 816 parentibus
1171 737 1205 797 et
1227 733 1359 818 propin·
1492 717 1496 724 ’

157 837 229 919 quis
250 837 317 900 suis
341 835 466 901 uixerit.
513 835 556 902 Iis
578 836 663 900 enim
685 839 722 900 ut
744 840 834 900 extra
849 835 1026 922 Collegium
1048 836 1195 902 habitent
1217 837 1262 902 sic
1285 860 1359 903 con-

155 941 291 1018 cedetur,
314 939 342 1004 si
365 941 514 1005 lectiones
535 940 682 1005 omnibus
704 940 801 1018 horis,
826 941 941 1024 quibus
967 945 1102 1024 oportet,
1125 942 1359 1026 frequentarint

156 1049 188 1109 et
212 1049 324 1110 caetcra
346 1067 415 1129 quae
437 1045 522 1130 leges
544 1044 780 1110 communitatis
803 1045 900 1130 studij
936 1047 1092 1111 bonarum
1114 1046 1231 1111 artium
1254 1047 1359 1130 requi-

157 1153 233 1214 runt
255 1150 396 1215 feceriut.
442 1149 503 1226 Qui
534 1150 597 1214 ista
619 1150 812 1235 neglexerit,
835 1152 915 1216 sciat
936 1152 998 1216 sibi
1020 1152 1143 1216 aditum
1166 1152 1204 1216 ad
1226 1151 1360 1216 honores

157 1257 345 1340 praeclusum
366 1276 442 1319 esse.
645 1260 647 1264 ’

245 1359 430 1443 Quicunque
447 1361 603 1424 honorum
618 1359 734 1446 gradus
749 1359 887 1424 ullarum
904 1359 1138 1444 professionum
1155 1361 1358 1440 affectabunt,

158 1485 267 1529 eorum
299 1464 428 1528 nomina
458 1464 603 1530 Decanus
633 1464 837 1548 professionis
868 1487 931 1530 susa
962 1467 1001 1530 ad
1036 1466 1202 1531 Rectorem
1230 1466 1360 1530 deferat.

160 1567 236 1644 Quae
260 1568 322 1632 nisi
344 1569 378 1633 in
401 1570 474 1634 albo
487 1569 713 1634 Vniuersitatis
728 1570 790 1634 rite
805 1571 981 1655 perscripta
995 1571 1211 1651 inueniuntur,
1235 1572 1362 1656 petendi

159 1673 293 1738 honores
317 1674 365 1738 ius
388 1675 454 1740 illis
477 1675 658 1760 denegator.

246 1777 327 1843 Cum
349 1779 445 1844 etiam
460 1780 611 1844 hactenus
627 1777 761 1842 studiosi
777 1780 925 1844 nonnulli
940 1784 1088 1844 semestre
1112 1783 1186 1844 ante
1207 1780 1363 1845 honorum

148 1883 342 1967 petitionem
366 1884 400 1948 in
424 1885 605 1949 conuictum
627 1882 813 1967 professoris
837 1883 970 1949 alieuius
993 1907 1025 1950 se
1040 1885 1235 1950 contulerint
1257 1888 1289 1949 ct
1312 1885 1362 1949 fu·

159 2011 231 2054 cum
253 1988 355 2054 facere
371 1987 626 2073 praeceptoribus,
650 2009 686 2052 ac
707 1987 735 2052 si
757 1988 817 2053 sub
832 1989 1000 2073 disciplina
1015 1989 1144 2070 fuerint,
1168 1990 1234 2055 sint
1247 1989 1362 2067 conati,

162 2094 243 2158 tales
266 2095 368 2159 sciant
390 2094 450 2159 sibi
473 2092 604 2177 posthac
627 2092 826 2175 probandum
849 2115 925 2172 esse,
949 2097 1033 2179 quod
1055 2099 1124 2160 toto
1146 2095 1364 2182 completionis

159 2203 302 2284 tempore
333 2199 384 2264 uel
407 2200 441 2263 in
464 2197 678 2263 Contubernio
710 2199 762 2263 uel
784 2199 860 2264 alibi
893 2201 953 2264 sub
975 2201 1096 2265 idoneis
1119 2198 1365 2285 praeceptoribus

159 2304 308 2369 uiuerint.

247 2409 326 2475 (lum
349 2408 449 2473 nimia
470 2408 633 2474 festinatio
657 2408 690 2472 in
713 2408 834 2472 caeteris
858 2408 950 2486 rebus
965 2408 1153 2492 plerumque
1174 2407 1276 2472 soleat
1297 2427 1363 2471 esse

160 2515 291 2593 infaelix,
314 2517 384 2579 tum
400 2535 474 2579 uero
490 2514 647 2598 imprimis
666 2513 842 2598 perniciosa
857 2517 906 2577 est
921 2513 1126 2590 discentibus,
1152 2533 1249 2596 quare
1270 2532 1364 2575 nemo

161 2620 293 2706 posthac
324 2641 362 2684 ex
385 2620 425 2702 ijs
449 2619 503 2703 qui
527 2619 560 2684 in
584 2619 770 2706 paedngogio
800 2619 951 2684 lectiones
982 2620 1116 2684 audiunt
1138 2619 1178 2683 ad
1200 2619 1365 2682 facultates
1412 2671 1422 2692 ,

160 2726 335 2810 superiores
367 2725 571 2803 admittatur,
607 2725 669 2789 nisi
699 2724 909 2788 fundamenta
939 2725 973 2788 in
1005 2723 1096 2789 bonis
1126 2723 1248 2789 artibus
1272 2727 1304 2787 et
1325 2721 1365 2806 ijs

161 2832 325 2916 praecipue,
351 2853 420 2915 quae
442 2813 616 2895 orationem
639 2830 780 2896 formant
805 2833 837 2894 et
861 2829 1028 2913 expoliunt
1050 2827 1149 2913 probe
1173 2828 1290 2906 iecerit,
1316 2827 1365 2891 id-

162 2959 222 3020 que
244 2936 282 2999 de
305 2935 463 3000 sententia
485 2934 616 3020 Collegij
649 2935 744 3019 studij
776 2936 932 3008 bonarum
959 2934 1087 2999 artium.
1133 2933 1248 2998 Rector
1269 2935 1365 3000 etiam

161 3045 193 3106 et
207 3040 327 3105 Decani
347 3041 376 3104 si
399 3063 492 3125 quem
515 3041 675 3106 rudiorem
698 3041 849 3105 festinare
865 3040 904 3104 ad
920 3041 1085 3126 superiora
1101 3037 1364 3117 animaduerterit,

64 3199 68 3202 .
162 3146 201 3210 ad
224 3145 502 3232 paedagogarcham
532 3167 602 3210 eum
626 3149 658 3210 et
688 3144 850 3210 facultatis
873 3144 1028 3210 bonarum
1050 3143 1168 3208 artium
1192 3143 1366 3228 Magistros

161 3251 334 3314 remittent.

213 3450 527 3516 Sacramentum
549 3451 734 3515 solemne
757 3450 866 3533 qnod
889 3449 1064 3518 Rectori
1087 3449 1181 3514 dari
1204 3450 1317 3514 solet

679 3578 761 3640 cap.
787 3559 837 3618 14.

214 3742 274 3819 Qui
298 3741 427 3805 nomina
449 3740 568 3805 Scholae
590 3739 665 3803 huic
687 3738 851 3816 dederint,
877 3736 1030 3801 iurabunt
1053 3737 1085 3800 in
1109 3736 1177 3801 lraec
1199 3737 1312 3820 capita.

250 3884 443 3950 Primum.
476 3882 567 3948 Velle
583 3881 782 3967 Religionem
803 3878 856 3964 pic
879 3882 1025 3964 casteque
1048 3879 1156 3943 colere.

250 3989 488 4056 Secundum.
541 3988 670 4053 Rectori
704 3990 736 4051 et
769 3984 963 4070 primoribus
985 3985 1079 4050 huius
1104 3984 1219 4050 scholae
1240 3982 1367 4047 obedire

165 4101 198 4161 et
220 4096 345 4160 eosdem
367 4094 544 4159 reuerentia
566 4094 663 4179 digna
684 4091 849 4176 prosequi,
873 4113 976 4176 neque
1000 4091 1067 4156 ulla
1088 4090 1244 4154 dictorum
1267 4087 1367 4151 facto-

162 4222 276 4266 rumue
299 4199 490 4265 continuelia
512 4199 644 4265 afficere.

252 4305 448 4369 Tertium.
481 4304 642 4370 Aduersus
655 4301 908 4367 Illustrimimum
924 4300 1112 4387 prinoipem,
1128 4297 1369 4383 Rempublicam

168 4433 241 4476 cum
256 4409 377 4476 Scholae
399 4415 469 4474 tum
485 4411 593 4497 oppidi
618 4408 712 4474 huius
735 4407 817 4473 nihil
839 4406 1011 4484 hostiliter,
1035 4403 1185 4489 improbe,
1209 4403 1368 4482 scelerate,

168 4517 276 4582 moliri
300 4538 336 4582 ac
359 4515 534 4582 machinari
556 4515 622 4581 ulla
643 4515 766 4579 ratione
788 4535 824 4578 ac
845 4512 906 4576 via.
