3504 5322
709 471 826 528 Statuta
847 472 923 527 1505.

338 682 392 748 De
415 681 660 749 reiectione
683 683 724 747 in
748 682 1066 748 communitate
1088 683 1289 749 habenda.

306 822 388 886 Item
404 823 521 886 Rector
543 826 575 888 11
596 822 716 908 singuli
739 826 946 888 concentores
963 845 1050 886 suam
1067 823 1271 890 refectionem
1295 826 1421 909 prandii

217 931 249 992 et
272 949 347 992 cene
368 949 491 1014 semper
514 929 556 992 in
580 929 886 993 communitate
910 927 1068 1007 habeant,
1100 929 1163 994 nisi
1184 931 1342 1016 hospitem
1365 932 1422 996 ho-

219 1031 419 1097 1111111111ι
444 1033 591 1098 habeant.
638 1031 791 1098 Similiter
806 1054 915 1096 omnes
932 1033 1083 1098 officiales
1099 1038 1132 1099 et
1154 1035 1265 1100 {amuli
1282 1059 1422 1102 mensam

219 1161 256 1202 111
279 1138 384 1204 officio
406 1140 564 1206 bursalem
581 1139 818 1223 participantes,
843 1141 972 1222 excepta
987 1160 1081 1203 causa
1095 1139 1290 1205 infirmitatis
1312 1141 1425 1206 merito

219 1243 414 1322 excusantis,
445 1245 504 1308 sub
527 1266 608 1329 pena
631 1246 650 1307 2
674 1249 697 1327 β
718 1243 749 1307 1.
774 1243 924 1326 quociens
947 1243 1018 1327 quis
1040 1245 1276 1310 contraucnerit
1298 1247 1423 1312 soluen-

220 1349 341 1413 dorum.
388 1348 539 1415 Veientes
570 1372 642 1414 vero
673 1349 788 1413 habere
820 1349 1032 1432 speciales
1066 1348 1330 1415 refectiones
1354 1350 1424 1416 illas

220 1476 292 1518 cum
317 1454 473 1520 refusione
495 1454 597 1518 omnis
628 1454 735 1519 damni
758 1454 852 1517 burae
875 1475 911 1516 ex
935 1453 994 1518 hoc
1018 1454 1301 1538 quomodocunque
1323 1478 1423 1520 erner-

227 1580 300 1644 gere
332 1559 472 1643 potentis
498 1559 622 1622 ratione
644 1557 825 1622 utensilium
855 1557 946 1640 juxta
975 1557 1142 1622 arbitrium
1166 1558 1308 1624 Rectoris
1332 1560 1425 1624 burae

228 1663 346 1728 iaciant
369 1663 488 1747 priuati
511 1661 670 1726 communi
692 1661 786 1725 burse
811 1681 928 1736 111111,
952 1682 1034 1746 pena
1055 1662 1114 1726 snb
1136 1663 1251 1728 eadem.

314 1767 397 1832 Item
414 1767 533 1832 nemini
549 1766 788 1831 committantur
804 1765 1011 1829 utensilia
1026 1766 1128 1844 burse,
1151 1771 1188 1832 ut
1210 1773 1285 1833 sunt
1300 1791 1426 1835 scamna

222 1873 324 1938 disei2
348 1874 402 1938 rel.
426 1875 494 1938 sine
517 1893 670 1936 consensu
693 1869 835 1936 Rectoris
859 1869 953 1934 burse
976 1870 1035 1934 sub
1058 1893 1138 1956 pena
1167 1873 1306 1958 quinque
1328 1877 1357 1958 β.

333 2047 390 2112 De
421 2045 606 2132 speciali
634 2044 864 2109 scolarium
895 2045 1309 2129 superintendentia.

310 2188 485 2252 Statuimus
507 2184 619 2262 111111,
654 2189 690 2248 ut
713 2185 745 2248 in
770 2183 911 2267 qualibet
934 2184 1028 2249 bursa
1051 2185 1139 2250 iuxta
1162 2208 1327 2250 numerum
1351 2209 1426 2250 con·

222 2295 388 2356 uentorum
412 2292 522 2355 bursas
545 2289 794 2353 inhabitantium
817 2289 897 2353 fiant
921 2296 1065 2374 partes
1089 2292 1317 2356 bursalium
1341 2297 1426 2356 sorte

222 2399 271 2462 vel
301 2399 363 2462 alio
395 2397 487 2461 modo
510 2417 641 2459 numero
664 2394 787 2477 equali,
820 2394 866 2458 ita
887 2399 923 2458 11
947 2397 1080 2479 quilibet
1102 2400 1275 2460 concentor
1298 2397 1425 2462 bursam

224 2503 406 2566 inhabitans
429 2522 594 2565 numerum
617 2499 784 2562 scolarium
807 2499 936 2578 habeat,
961 2501 999 2564 ad
1022 2523 1099 2585 quos
1122 2505 1229 2585 preter
1247 2503 1425 2585 generalem

223 2607 449 2692 obligationem
473 2604 547 2690 (qua
570 2603 716 2669 omnibus
740 2626 862 2689 preesse
884 2609 916 2669 et
942 2607 1088 2690 prodesse
1115 2610 1255 2690 tenetur)
1278 2607 1423 2690 speciali-

224 2716 272 2776 ter
295 2711 421 2775 oculum
444 2710 558 2775 habere
581 2709 682 2788 debet,
707 2714 741 2773 vt
764 2709 842 2774 11111
865 2710 1028 2774 honestius
1052 2715 1084 2775 et
1108 2711 1292 2796 diligentius
1317 2712 1425 2777 vivant

224 2823 256 2881 ct
278 2817 443 2894 studeant,
481 2821 513 2880 et
536 2816 673 2879 maxime
695 2815 778 2880 circa
800 2837 951 2898 expensas
975 2838 1052 2899 quas
1077 2839 1147 2880 cunr
1172 2822 1373 2899 procuratore
1395 2823 1427 2882 et

223 2921 527 3006 [11111111111111111
559 2921 708 3005 quatinus
731 2943 840 2985 curare
864 2921 974 3008 possit,
1000 2927 1035 2987 vt
1058 2923 1136 2986 tales
1160 2921 1220 2986 sibi
1243 2922 1345 3007 legem
1368 2947 1426 3010 pro

225 3027 290 3091 suis
312 3027 448 3111 positam
472 3049 537 3091 non
561 3026 719 3090 excedant.

664 3197 719 3262 Dc
741 3167 986 3282 sumptibus.

313 3323 466 3389 Volumus
488 3323 639 3406 denique,
673 3323 755 3405 quod
787 3321 1033 3406 prepositus
1056 3328 1088 3388 et
1114 3326 1319 3408 pincerna
1345 3326 1428 3412 leges

299 3501 311 3553 1
335 3498 479 3552 Erlautert
497 3493 584 3548 durch
603 3495 649 3549 cin
667 3497 790 3564 spttcrcs
808 3495 905 3548 Statut
924 3493 943 3546 f.
962 3493 996 3548 88
1017 3512 1057 3550 a:
1075 3495 1215 3566 hospes
1234 3498 1429 3554 honorabi-

224 3584 310 3638 lisia
329 3584 373 3638 vel
394 3583 440 3637 hic
457 3585 514 3636 est:
544 3599 662 3651 persona
690 3599 745 3635 non
765 3581 848 3644 leuis,
879 3580 914 3635 ob
943 3579 1019 3634 cuins
1044 3582 1177 3639 honorem
1195 3588 1224 3640 et
1242 3586 1429 3641 reuerentiam

223 3674 327 3746 precise
351 3672 510 3728 conuiuatio
536 3671 589 3725 illa
613 3675 681 3724 tunc
707 3669 838 3724 ordinatu
863 3673 906 3724 eat
934 3669 1005 3723 alias
1034 3689 1090 3727 non
1108 3672 1238 3727 habenda
1256 3677 1285 3728 et
1302 3690 1356 3742 que
1374 3692 1430 3728 non

224 3765 267 3817 est
284 3761 315 3814 in
328 3759 457 3814 fraudem
472 3759 575 3813 statuti
588 3757 677 3814 citata
695 3756 739 3810 vel
760 3759 868 3820 vocata,
888 3759 920 3810 ut
933 3757 971 3811 sic
987 3775 1020 3812 ea
1039 3761 1167 3828 presente
1177 3761 1315 3816 habeatur
1326 3761 1432 3818 occasio

227 3847 387 3905 comedendi
408 3849 488 3900 extra
507 3845 743 3901 communitatem.
782 3843 815 3896 11
840 3862 895 3912 quo
914 3848 1011 3899 tamen
1030 3845 1211 3902 nihilominus
1230 3847 1331 3903 Rector
1348 3847 1430 3902 burse

225 3937 253 3991 et
272 3933 479 4004 eptomodarius
506 3951 533 3987 se
552 3932 634 3987 debet
652 3932 743 3986 facere
770 3935 928 4001 presentem
952 3935 1147 3989 communitati
1166 3953 1198 3990 11
1216 3935 1268 3991 111
1285 3935 1371 3990 donec
1390 3951 1430 3989 re·

225 4023 308 4078 seatio
326 4020 481 4076 bursalium
492 4019 578 4074 fuerit
591 4022 792 4080 consummata.
812 4022 844 4073 ut
857 4019 971 4089 singula
984 4023 1054 4076 fiant
1064 4023 1160 4078 debita
1174 4023 1325 4078 1111111111.
1353 4022 1431 4075 Alias

225 4128 369 4180 nunquam
387 4110 452 4164 licet
470 4107 581 4164 Rcctori
599 4108 680 4162 burae
698 4111 750 4162 aut
767 4107 927 4163 conuentori
945 4108 1003 4164 siue
1015 4108 1130 4163 licentia
1141 4109 1430 4179 superintendentium

226 4217 289 4254 suas
310 4195 592 4252 11111111111111111
611 4199 691 4250 extra
711 4195 944 4250 communitatem
970 4196 1021 4250 snb
1040 4215 1114 4266 pena
1131 4198 1253 4266 quinque
1271 4197 1430 4260 solidorum,

225 4303 293 4356 quos
311 4303 361 4354 per
379 4285 569 4338 iuramentum
595 4283 743 4353 prestitum
769 4282 846 4336 intra
873 4282 1000 4336 triduum
1026 4287 1089 4354 post
1117 4284 1274 4340 huiusmodi
1293 4302 1430 4338 excessum

226 4373 309 4428 dehet
328 4371 396 4427 darc
414 4389 476 4425 cam
495 4371 594 4426 effectu
615 4370 909 4440 superintendentibus
936 4371 980 4425 vie
999 4388 1047 4426 sue
1065 4372 1168 4436 totiens
1186 4372 1314 4440 quotiens
1332 4390 1431 4442 cogno·

226 4462 299 4517 uerit
319 4477 347 4514 11
366 4477 448 4513 mane
467 4463 494 4514 et
513 4477 573 4516 sero
592 4459 749 4515 huiusmodi
770 4461 880 4514 statuto
899 4459 1115 4514 contraconisse.

295 4550 311 4602 2
331 4547 430 4602 Teller.
