3462 5320
343 452 407 516 260
787 449 919 505 Facultar
937 450 1103 521 theologica.

341 609 426 672 inter
447 609 622 692 ncaqistros
646 615 675 673 ct
698 609 840 673 scolares
863 614 958 690 atque
979 609 1151 694 religiosos
1160 632 1362 692 promouere,
1386 614 1552 680 licentiam

341 734 404 777 non
427 732 636 790 commanere,
659 713 695 776 in
719 713 787 778 alia
809 716 1023 780 oniaersitate
1045 717 1201 782 birretum
1222 739 1286 782 icon
1307 720 1458 800 recipcre,
1482 726 1551 785 tres

339 818 478 899 limenas
501 818 545 882 acl
564 818 678 898 iscam
701 816 835 897 sulcare,
859 824 984 884 statuta
1011 827 1042 885 et
1063 823 1235 886 statuendo
1258 843 1390 889 sanare
1412 829 1553 905 tempore

347 923 472 988 demam
495 923 676 1003 recipiendi
700 923 855 989 birretum
879 925 964 989 sient
985 927 1148 992 videditur
1169 929 1339 1012 magistris
1362 930 1513 1010 expedire
1529 927 1552 994 ¹.

685 1167 797 1234 Ordo
820 1171 1213 1254 promouendornm.

428 1346 544 1411 Forma
573 1345 776 1428 depositionis
808 1365 912 1410 coram
943 1346 1137 1411 cancellario.
1195 1346 1339 1412 Decanus
1368 1347 1417 1410 vel
1444 1347 1551 1412 senior

342 1451 477 1535 loquens
500 1448 585 1513 dicat
608 1447 736 1514 nomine
768 1448 949 1514 facultatis:
984 1452 1154 1516 rcoaende
1177 1453 1367 1518 cancellarie
1396 1449 1446 1514 vel
1467 1453 1552 1516 cice-

341 1554 532 1622 oancellarie
556 1560 610 1619 etc.
637 1572 641 1580 ·

430 1659 643 1724 Cancellarius
674 1680 746 1724 eum
778 1660 931 1744 suscipiat
965 1661 1005 1723 ad
1027 1661 1190 1726 licenciam
1214 1659 1442 1744 suscipiendam
1466 1662 1550 1723 tem-

343 1787 418 1850 pore
441 1767 609 1850 oportuno.
648 1768 680 1829 et
710 1769 853 1848 tempore
885 1769 1042 1848 oportuno
1064 1766 1206 1846 cedulam
1229 1767 1354 1843 mittat,
1387 1765 1469 1850 quod
1492 1763 1552 1828 tali

346 1871 398 1936 die
419 1874 452 1934 et
474 1871 553 1936 hora
575 1870 618 1934 sit
640 1870 673 1934 in
696 1870 755 1934 tali
778 1871 847 1935 loco
872 1871 912 1934 ad
935 1871 1122 1956 capiendum
1137 1872 1299 1938 licenciam
1324 1871 1357 1935 in
1380 1869 1551 1954 theologia

343 1982 375 2043 et
396 1976 454 2040 illa
477 1975 601 2061 publice
624 1975 822 2040 intimentur.

437 2080 478 2144 In
501 2081 551 2144 die
574 2083 679 2146 antem
701 2083 734 2144 et
755 2080 834 2144 hora
856 2082 1062 2146 cancellarius
1090 2083 1140 2147 vel
1162 2081 1434 2147 vicecancellarius
1456 2081 1554 2146 faciat

342 2186 542 2250 collationem
565 2186 604 2250 de
626 2186 937 2252 recommendacione
967 2187 1154 2252 licenciandi
1183 2187 1233 2252 vel
1257 2187 1457 2263 doctorandi;
1487 2209 1552 2270 qua

344 2291 429 2356 facta
460 2290 567 2354 flectat
601 2311 724 2376 genua,
758 2297 790 2355 et
821 2291 1028 2356 cancellarius
1056 2294 1105 2358 vel
1139 2293 1412 2359 vicecancellarius
1446 2292 1551 2357 dicat:

347 2397 537 2461 anctoritate
560 2398 789 2478 omnipotentis
812 2397 865 2462 clei
888 2403 917 2462 ct
940 2404 1049 2464 sancte
1070 2401 1160 2464 seclis
1176 2398 1352 2480 apostolica
1373 2402 1429 2462 etc.
1453 2396 1553 2462 michi

346 2521 504 2580 concessa,
528 2503 567 2566 olo
592 2503 652 2567 tibi
676 2503 841 2567 licenciam
857 2505 1037 2584 incipiendi
1052 2507 1088 2568 in
1104 2504 1260 2588 theologia
1276 2509 1306 2568 et
1327 2504 1552 2586 magisteriam

346 2609 414 2672 sine
437 2607 636 2672 declaratam
659 2608 828 2688 capiendi,
861 2612 891 2671 et
913 2608 1038 2672 demam
1060 2629 1167 2674 omnies
1189 2614 1281 2674 actas
1304 2610 1348 2673 ad
1368 2607 1451 2672 tnnc
1470 2628 1550 2690 qra-

342 2711 418 2775 dam
439 2716 620 2791 spectantes
647 2710 810 2791 faciendi,
839 2717 1014 2793 postquam
1042 2713 1251 2778 solennitates
1280 2712 1398 2792 feceris
1426 2713 1469 2777 ud
1490 2711 1549 2776 too

342 2817 530 2898 requisitas,
553 2817 589 2878 in
612 2817 738 2880 nomine
755 2817 869 2896 patris
892 2821 923 2881 ct
941 2817 1007 2897 lilii
1030 2823 1060 2882 et
1074 2819 1216 2898 spiritns
1239 2818 1353 2882 sancti.
1393 2815 1551 2900 premisso

341 2924 447 2985 tamen
471 2921 649 2985 iuramento
673 2919 849 3004 prehabito.

430 3025 512 3090 Item
535 3026 728 3111 vesperis
760 3026 839 3089 fiant
878 3031 949 3109 post
972 3027 1139 3113 prandium
1163 3026 1222 3091 hoc
1244 3027 1345 3090 modo.
1395 3023 1552 3109 Magister

347 3139 459 3198 tenens
483 3133 640 3216 vesperias
664 3131 804 3214 disputet
820 3153 915 3195 vnam
938 3132 1144 3215 questionem,
1168 3133 1320 3215 adquam
1344 3129 1551 3216 respondebit

343 3261 424 3302 vnus
456 3238 493 3302 de
525 3237 731 3303 baccalauriis
763 3237 812 3300 vel
836 3237 916 3300 alius
947 3237 1080 3300 scolaris
1102 3236 1278 3322 theologie,
1312 3237 1362 3301 cni
1387 3234 1552 3319 presidens

341 3348 465 3430 arguat,
489 3348 521 3408 et
543 3344 682 3408 breviter
712 3346 784 3428 post
812 3343 871 3408 hoc
894 3349 1030 3429 arguant
1061 3344 1261 3409 baccalaurii.
1294 3349 1326 3407 et
1348 3346 1422 3426 post
1444 3342 1549 3407 solum

341 3449 458 3515 seniori
482 3449 638 3534 magistro
662 3449 858 3533 respondeat.
898 3448 1009 3513 deinde
1033 3471 1113 3513 vnus
1129 3450 1167 3513 de
1182 3448 1359 3513 senioribus
1381 3447 1547 3532 magistris

343 3558 501 3639 proponat
523 3577 618 3618 viram
642 3555 840 3637 questionem
864 3575 935 3619 cum
952 3555 1150 3638 exposicioue
1164 3554 1373 3619 terminorum
1396 3556 1429 3618 et
1452 3573 1550 3637 argu-

411 3728 424 3782 1
444 3727 504 3791 XII,
525 3729 556 3782 21
577 3729 649 3780 aetat
667 3728 740 3781 statt
751 3725 861 3780 dassen:
890 3725 990 3795 Ego..
1010 3727 1072 3781 iuro
1084 3725 1277 3781 obedientiam
1289 3725 1414 3781 Romane
1433 3724 1549 3780 ecclesie

340 3833 459 3880 seruare,
479 3832 586 3869 necnon
604 3813 751 3883 magistris
768 3813 799 3866 in
817 3812 961 3882 theologia
980 3811 1167 3868 reuerentiam
1186 3811 1323 3877 exhibere,
1345 3831 1443 3884 pacem
1462 3812 1552 3867 etiam

338 3903 413 3957 inter
431 3900 582 3971 magistros
610 3903 639 3955 et
657 3899 776 3955 scolares
795 3902 880 3968 atque
899 3899 1044 3969 religiosos
1067 3917 1244 3969 promouere.
1271 3899 1415 3955 licentiam
1434 3917 1489 3956 non
1508 3915 1553 3955 re·

339 4007 490 4054 summere,
512 3990 542 4043 in
561 3989 619 4044 alia
639 3988 824 4043 rniuersitate
843 3987 981 4043 birretum
999 4005 1055 4043 non
1074 3987 1210 4057 recipere,
1229 4004 1316 4042 vnum
1335 3986 1453 4056 denique
1472 3985 1552 4042 flore·

339 4095 407 4131 num
426 4077 461 4132 ad
479 4077 575 4132 fiscum
593 4074 803 4142 vniuersitatis,
822 4077 923 4132 rectori
942 4077 1135 4132 vniuersitatis
1153 4076 1302 4130 dimidium
1320 4075 1467 4140 florenum,
1492 4077 1552 4129 tres

339 4164 455 4220 florenos
474 4165 537 4220 fisco
557 4163 704 4219 facultatis
718 4155 875 4234 theologico
887 4167 915 4220 et
927 4182 1013 4218 vnum
1025 4164 1161 4219 florenum
1172 4162 1291 4233 pedellir
1304 4162 1418 4224 soluere,
1438 4163 1551 4216 statuta

339 4255 367 4305 et
385 4251 538 4306 statuenda
556 4268 667 4306 seruare
685 4253 811 4322 tempora
829 4251 995 4322 receptionis
1012 4252 1125 4316 birrsti,
1153 4251 1224 4306 dont
1242 4249 1385 4305 videbitur
1402 4248 1550 4318 magistris

338 4338 474 4408 expedire,
492 4339 523 4392 in
542 4340 609 4395 aula
627 4339 797 4410 magisterii,
827 4358 890 4393 cum
908 4338 981 4394 hanc
999 4341 1093 4394 tenere
1113 4337 1277 4408 contigerit,
1296 4337 1373 4392 vltra
1392 4336 1450 4391 tria
1468 4335 1552 4392 milia

338 4425 532 4481 turonensium
558 4431 757 4496 argenteorum
782 4427 863 4482 iuxta
891 4427 940 4482 cle.
968 4427 1002 4482 de
1026 4425 1185 4497 magistris,
1214 4428 1246 4497 (s.
1266 4426 1292 4480 S.
1314 4426 1354 4489 19,
1373 4424 1401 4498 2)
1425 4443 1487 4480 oum
1512 4425 1553 4479 sit

338 4516 430 4580 nimis,
449 4533 505 4570 non
525 4515 687 4588 expendere.
