3504 5322
335 407 399 474 444
881 397 982 456 Bursa.

334 570 451 630 rectam
482 567 514 628 et
545 563 707 629 definitam
739 562 895 627 rationem
925 564 1021 646 atque
1051 559 1148 624 etiam
1178 562 1321 643 tempora
1343 561 1428 623 stata
1451 558 1538 623 illius

336 691 402 735 esse
425 673 558 753 oportet.
612 667 713 744 Quam
743 668 776 733 in
800 666 968 752 praesentia
997 667 1153 731 rationem
1175 685 1308 748 quaeque
1331 669 1474 749 tempora
1496 665 1535 729 ad

310 755 419 840 ¹bunc
441 775 495 860 qui
518 775 685 840 subiicitur
708 773 837 838 modum
858 772 1032 838 rectissime
1055 770 1264 836 constitutum
1287 769 1325 832 iri
1349 769 1468 834 visum:

421 881 509 945 Hora
531 880 781 946 antemeridiana
803 883 891 944 sexta
914 879 1085 943 doceantur
1107 879 1264 961 praecepta
1286 874 1475 940 Dialecticce.

420 983 570 1070 Septima.
617 984 802 1050 Rhetoricae.

426 1088 502 1154 Haec
525 1091 646 1155 discent
669 1090 827 1155 candidati
851 1089 1007 1154 honorum
1029 1087 1291 1166 baccalaurcatus,
1315 1090 1351 1151 vt
1373 1086 1478 1152 dixere
1490 1086 1512 1151 ¹.

419 1193 749 1279 Disputationes
773 1194 1107 1260 contubernales
1130 1215 1239 1279 proco
1261 1195 1536 1279 atquepraescrip·

334 1305 375 1364 tac
397 1322 521 1384 quoque
544 1303 686 1388 tempore
701 1302 742 1364 ab
754 1300 970 1366 Vniuersitate
986 1300 1150 1366 scolastica
1165 1299 1295 1378 fuerint,
1319 1299 1365 1364 ita
1380 1299 1535 1365 obeuntur

331 1408 426 1489 atque
449 1409 607 1483 curantor,
633 1406 667 1470 in
690 1427 809 1490 quare
832 1405 1001 1491 praesidum
1024 1403 1230 1470 Contubemii
1259 1404 1292 1468 in
1317 1403 1531 1492 negligentias

331 1510 563 1576 animaduersio
585 1515 661 1577 esto.
1263 1501 1266 1505 ¹

425 1613 460 1680 Si
483 1615 517 1679 in
540 1620 621 1681 coetu
645 1615 881 1695 contubernali,
906 1619 963 1681 aut
985 1615 1091 1699 aliquo
1114 1615 1168 1700 qui
1191 1615 1253 1681 huc
1276 1617 1442 1702 pertineat,
1466 1617 1534 1682 fue·

331 1720 399 1786 rint
421 1721 512 1808 pueri
535 1722 675 1807 imperiti
699 1723 926 1787 elementorum
943 1720 1164 1787 Grammaticus
1186 1722 1220 1785 in
1243 1719 1535 1808 Paedagogium

332 1825 372 1890 ad
395 1825 576 1892 discendum
607 1828 779 1893 mittuntor
810 1827 1014 1914 aMagistris
1044 1827 1171 1913 collegii
1201 1825 1444 1892 contubernalis
1490 1825 1534 1890 Ni

333 1931 468 1997 fecerint
500 1932 803 1997 animaduersionem
834 1932 1004 2016 praesidum
1033 1932 1234 1997 arbitrariam
1258 1932 1441 1996 sufferunto
1486 1930 1535 1996 De

334 2035 516 2123 Paedagogii
541 2041 646 2103 autem
668 2035 798 2122 propria
813 2036 966 2114 doctrina,
990 2059 1061 2102 cum
1076 2041 1124 2102 est
1139 2038 1221 2102 ratio
1238 2036 1379 2121 exposita
1401 2037 1435 2118 in
1459 2058 1534 2102 con·

335 2140 556 2207 stitutionibus
579 2141 676 2206 studii
699 2143 826 2221 artium,
850 2145 920 2207 tum
945 2143 1071 2228 praesidi
1094 2142 1181 2209 illius
1205 2164 1287 2208 curae
1309 2143 1360 2208 sit.

421 2245 607 2331 Quicunque
637 2247 693 2314 alii
715 2247 920 2332 Magistri
952 2252 1073 2313 extra
1095 2247 1329 2335 Collegium
1358 2248 1390 2312 in
1415 2247 1535 2313 Contu·

335 2351 445 2417 bernio
467 2373 594 2417 manere
616 2352 743 2430 volent,
768 2354 813 2418 sic
836 2353 991 2441 degunto,
1022 2375 1062 2419 ne
1084 2377 1103 2419 a
1125 2353 1277 2420 laudabili
1300 2354 1534 2434 consuetudine,

335 2456 510 2536 institutis,
542 2457 666 2542 legibus
690 2457 890 2523 contubernii
913 2458 1091 2548 discedant,
1124 2479 1205 2524 neue
1227 2461 1339 2524 contra
1363 2460 1533 2544 quicquam

332 2560 477 2626 audeant.
524 2560 568 2626 Ni
590 2562 724 2628 fecerint
746 2563 955 2649 expelluntor.
1272 2565 1277 2578 '

413 2665 631 2732 Feriarum
661 2667 864 2733 multitudine
895 2690 967 2733 cum
995 2668 1108 2733 studiis
1138 2669 1289 2733 damnum
1320 2670 1387 2734 dari
1410 2670 1519 2747 soleat,

328 2792 420 2835 nemo
443 2771 481 2836 de
497 2771 637 2860 Collegio
661 2775 884 2859 magistrorum
909 2774 986 2838 alias
1010 2774 1105 2838 ferias
1121 2796 1217 2859 quam
1234 2796 1396 2840 concessas
1412 2778 1533 2840 statuto

327 2875 530 2942 comunitatis
561 2877 659 2943 studii
690 2879 808 2943 artium
830 2883 995 2964 usurpato,
1028 2883 1083 2944 aut
1105 2901 1236 2964 poenam
1260 2879 1340 2944 lnito
1364 2879 1534 2965 praesidum

328 2981 470 3047 arbitrio.
525 2982 596 3068 lpse
629 2988 734 3050 autem
757 2983 817 3050 boc
839 3007 873 3050 se
895 2984 1006 3051 iecisse
1026 3033 1034 3063 ,
1058 2986 1306 3069 quotiescunque
1327 2985 1446 3063 lecerit,
1469 2984 1534 3050 illis

331 3085 477 3153 indicato.

413 3193 636 3259 Praesidum
660 3198 842 3280 quatuor
865 3194 1073 3262 Contubernii
1105 3197 1300 3282 praecipuum
1325 3194 1465 3261 offitium
1488 3199 1535 3260 est

326 3298 532 3384 inspectionis
548 3321 652 3365 rerum
668 3301 877 3366 contubernii.
925 3300 1014 3377 Quod
1030 3325 1092 3386 quo
1109 3303 1253 3388 tempo're
1268 3302 1407 3380 libuerit,
1431 3302 1534 3366 facere

329 3402 393 3468 illis
416 3403 501 3469 licet.
547 3405 629 3470 Turn
653 3427 716 3470 non
747 3407 839 3472 modo
871 3409 1060 3493 interrogati
1084 3408 1231 3493 magistri
1255 3407 1307 3472 sed
1330 3411 1363 3471 et
1386 3405 1534 3491 discipuli

330 3513 362 3574 ct
385 3508 523 3574 ministri
548 3510 734 3594 simpliciter
757 3517 788 3578 et
807 3513 928 3596 liquide
944 3514 1164 3599 respondento.
1211 3511 1314 3579 Nemo
1338 3511 1534 3577 mendatium

291 3673 295 3680 .
329 3614 425 3679 dicito
447 3618 503 3680 aut
524 3616 690 3680 veritatem
714 3615 826 3682 callide
847 3617 1011 3683 involuito.
1051 3617 1257 3705 Magistri
1281 3617 1376 3683 etiam
1399 3615 1534 3681 fideliter

328 3718 366 3782 dc
389 3718 614 3804 discipulorum
637 3741 767 3786 suorum
783 3723 921 3809 ingeniis
939 3725 1147 3809 profectuque
1170 3746 1239 3809 quae
1260 3723 1413 3789 sciuerint
1435 3743 1535 3805 expo-

325 3826 414 3888 nant.
466 3823 573 3909 Atque
603 3825 750 3911 praesides
781 3829 820 3893 ad
853 3851 931 3913 quos
967 3834 1093 3895 autores
1123 3829 1292 3894 ordinariis
1322 3828 1410 3892 horis
1444 3830 1535 3891 extra

325 3927 574 3995 Contubernium
601 3932 771 3998 audiendos
803 3933 849 3998 ire
871 3934 1040 4011 iusserint,
1076 3934 1115 3998 ad
1138 3934 1211 3998 illos
1235 3937 1269 3997 vt
1292 3937 1366 3998 eant
1389 3937 1532 3998 curanto.

328 4033 371 4100 Ni
393 4033 535 4114 iecerint,
559 4036 790 4104 animaduersio
812 4040 846 4104 iu
870 4040 956 4124 ipsos
981 4039 1151 4123 praesidum
1175 4038 1300 4104 arbitrii
1324 4043 1400 4103 esto.

398 4281 411 4335 1
431 4279 527 4336 Dieser
545 4279 742 4353 Stundenplan
767 4282 805 4338 ist
833 4282 912 4337 nicht
936 4281 1033 4338 weiter
1059 4283 1243 4354 eingetrageu
1267 4283 1381 4340 worden
1405 4283 1462 4338 uud
1488 4284 1533 4342 die

333 4365 425 4422 Lficke
443 4365 598 4438 geblieben,
618 4368 655 4424 da
673 4387 741 4424 man
758 4369 816 4424 sich
833 4369 906 4426 wohl
927 4369 1102 4442 bberzeugte,
1122 4371 1186 4427 dass
1198 4371 1375 4442 dergleichen
1393 4369 1471 4424 nicht
1488 4371 1535 4424 fur

331 4453 377 4510 die
393 4453 487 4510 Dauer
506 4455 809 4514 voreuszubestimmeu
827 4455 873 4512 ist.
