3504 5322
328 352 392 418 416
869 347 972 404 Bursa.

326 509 359 572 in
389 508 539 574 facultate
569 509 687 573 artium
718 512 792 573 ante
822 507 951 571 initium
982 512 1070 572 actus
1101 529 1156 592 per
1179 508 1314 573 mediam
1337 510 1449 575 horam
1473 533 1531 596 per

326 614 452 699 pulsum
475 613 668 699 campanelle
691 611 860 698 diligenter
883 611 978 676 faciat
1009 611 1176 676 scolarium
1205 635 1259 677 sue
1282 614 1377 679 burso
1399 637 1534 700 congre·

326 719 504 804 gationem,
540 739 645 782 coram
669 717 782 801 quibus
805 716 1036 802 registrum
1058 717 1144 802 legat
1168 722 1200 782 et
1223 718 1365 804 singulos
1389 721 1534 786 absentes

327 845 409 908 pena
432 823 530 887 trium
553 823 753 888 denariorum
776 822 889 906 puniat
911 824 1006 905 atque
1030 843 1102 886 cum
1124 821 1240 886 eisdem
1264 827 1370 887 actrim
1388 825 1534 890 decenter

326 927 539 1013 ingrediatur,
570 928 629 991 sub
661 949 742 1012 pena
772 931 908 1011 quatuor
938 926 1118 990 solidorum,
1165 927 1320 992 Volumus
1345 929 1440 994 etiarn
1474 952 1532 994 ce-

326 1033 463 1096 dulam
492 1033 556 1117 legi
585 1035 660 1096 ante
689 1032 873 1096 exercicium
898 1035 930 1096 et
951 1031 1174 1097 conductiones
1197 1033 1235 1096 ad
1259 1033 1438 1112 ecclesiam,
1472 1035 1531 1100 sub

326 1159 408 1222 pena
429 1138 526 1202 trium
550 1137 758 1202 denariorum.

653 1312 709 1376 De
730 1315 1008 1396 promouente
1031 1311 1204 1377 Deccno.

413 1451 494 1517 Item
526 1437 660 1536 quilibet
691 1453 825 1518 decanus
864 1475 921 1537 pro
959 1457 1100 1538 tempore
1133 1453 1365 1538 magistrandos
1402 1475 1530 1536 promo·

327 1560 446 1624 uendos
469 1579 524 1644 per
547 1579 579 1621 se
602 1559 706 1641 ipsum
729 1562 927 1642 promuerit,
959 1558 1017 1621 sub
1047 1581 1128 1644 pena
1158 1562 1270 1642 quarte
1296 1559 1395 1641 partis
1417 1557 1526 1624 fioreni

328 1670 359 1730 et
382 1663 521 1729 carentie
550 1663 626 1746 (quo
648 1663 688 1726 ad
710 1663 862 1727 decanum
885 1665 941 1726 aut
963 1683 1055 1726 suum
1077 1661 1299 1745 substitutum)
1332 1661 1439 1727 florini
1468 1664 1525 1727 ka-

329 1768 490 1832 thedranti
514 1789 550 1830 ex
574 1771 694 1831 statuto
717 1767 834 1845 debiti,
865 1767 926 1831 nisi
956 1767 1098 1832 obtineat
1125 1767 1267 1832 fauorem
1297 1789 1394 1832 asuo
1417 1791 1527 1852 super-

326 1874 510 1939 intendente
551 1871 649 1936 alium
686 1873 907 1937 substituendi.
963 1872 1116 1937 Similiter
1153 1874 1289 1960 singulis
1326 1873 1531 1958 disputa·

326 1978 541 2042 tionibus
571 1977 817 2042 baccalariorum
846 1981 879 2043 et
909 1977 1133 2062 magistrorum
1165 1977 1371 2063 personaliter
1399 1978 1529 2042 intersit

325 2085 475 2162 decenne,
509 2081 570 2146 nisi
586 2103 658 2146 cum
679 2081 788 2146 fauore
810 2081 1099 2166 superintendentis
1122 2083 1220 2147 alium
1242 2083 1432 2161 substituat,
1468 2083 1527 2146 sub

327 2211 410 2273 pena
432 2192 553 2273 septem
576 2188 758 2252 solidorum.

412 2293 572 2380 Concessit
601 2293 736 2378 denique
767 2291 957 2356 uniuersitas
985 2291 1317 2376 superintendentibus
1346 2294 1431 2358 illius
1463 2292 1523 2370 vie,

325 2400 413 2465 cuius
445 2401 580 2464 decanus
614 2402 679 2476 cst,
713 2399 795 2482 quod
827 2399 979 2462 decanum
1011 2398 1107 2461 etism
1138 2399 1340 2482 collegiatum
1367 2397 1528 2482 usquead

324 2506 634 2590 depositionem
657 2504 706 2567 ab
738 2502 892 2568 officio
923 2503 1098 2568 inclusione
1127 2503 1298 2568 decanatus
1320 2504 1354 2567 in
1380 2503 1530 2588 predictis

224 2629 232 2636 ·
328 2611 543 2696 negligentem
567 2611 680 2694 punire
702 2611 834 2695 possint.

588 2803 746 2868 Contra
768 2799 1025 2888 pedagogii¹
1049 2823 1257 2868 excessus.

412 2941 494 3008 Item
508 2943 665 3022 volumus,
690 2943 772 3027 quod
796 2943 830 3007 in
853 2942 1004 3008 ambabus
1028 2943 1131 3008 bursis
1154 2946 1186 3007 et
1204 2941 1381 3027 pedagogio
1398 2944 1526 3008 iuuenes

325 3048 509 3113 imbuantur
539 3049 573 3113 in
605 3049 756 3113 exercicio
790 3047 1039 3134 grammaticali,
1073 3049 1106 3112 in
1130 3047 1296 3112 Donato
1327 3053 1359 3112 et
1385 3048 1530 3131 partibus

323 3152 585 3220 Alexandri²
614 3177 671 3239 per
701 3155 932 3232 iuramentum,
966 3159 998 3220 et
1020 3155 1103 3238 quod
1127 3159 1238 3220 teneus
1261 3161 1349 3221 actus
1371 3177 1532 3242 gramma-

399 3439 472 3492 lZu
490 3437 617 3492 Gunsten
644 3436 691 3490 dea
710 3434 917 3506 Ptdagogiums
944 3436 996 3490 hat
1019 3435 1064 3490 die
1083 3433 1259 3490 Universitttt
1285 3435 1336 3489 anf
1353 3435 1465 3502 Antrag
1482 3434 1532 3487 der

329 3523 461 3578 Facultltt
479 3541 525 3578 arn
544 3525 568 3576 7.
587 3523 695 3576 Janusr
716 3523 782 3577 1528
801 3521 973 3577 beschlossen
991 3521 1066 3576 Fach
1084 3523 1143 3586 XV,
1163 3525 1205 3578 15.
1224 3523 1321 3588 V1,21
1341 3522 1360 3575 f.
1380 3525 1427 3578 91:

394 3613 466 3666 Item
485 3627 579 3667 omnes
597 3611 734 3678 quotquot
752 3607 781 3662 in
800 3608 853 3663 hac
869 3609 1054 3665 rniuersitate
1072 3614 1138 3665 sunt
1150 3610 1346 3680 discipulorum
1359 3613 1534 3680 preceptores

328 3697 459 3754 docentes
477 3714 521 3752 cos
541 3695 759 3766 grammaticam
772 3694 892 3764 logicam
904 3696 1073 3752 rhetoricam
1091 3700 1120 3752 et
1138 3697 1210 3753 alias
1223 3702 1299 3752 artes
1318 3697 1456 3761 liberales,
1476 3695 1533 3750 dis·

325 3787 431 3856 cipulos
449 3803 511 3841 suos
531 3785 568 3838 ad
586 3783 824 3854 pedagogium
843 3784 956 3839 mittere
974 3784 1031 3838 sint
1053 3783 1171 3848 astricti,
1191 3785 1265 3853 quod
1286 3785 1308 3838 si
1327 3785 1418 3839 fucere
1436 3783 1533 3852 negle-

325 3875 429 3940 xerint,
445 3873 534 3929 nihilo
547 3871 639 3925 minus
651 3871 798 3941 pedagogo
816 3871 892 3926 illius
910 3872 999 3936 bures,
1019 3873 1095 3926 cuius
1114 3872 1264 3942 discipulus
1283 3875 1336 3936 est,
1357 3871 1464 3942 soluere
1483 3887 1534 3923 an-

325 3962 437 4019 nuatim
457 3980 507 4031 pro
527 3977 692 4029 unoquoque
711 3977 823 4016 suorum
842 3959 1041 4029 discipulorum
1058 3963 1196 4029 cogantur
1210 3977 1325 4014 aureum
1346 3976 1437 4021 vnum,
1456 3973 1534 4010 ernn-

327 4069 381 4120 que
399 4051 513 4105 soluant
526 4051 566 4104 de
584 4047 717 4112 mercede,
736 4065 822 4116 quom
841 4066 859 4103 a
878 4047 1015 4117 discipulo
1033 4047 1131 4102 leuant
1150 4048 1184 4101 de
1202 4065 1253 4102 sua
1265 4046 1405 4117 peccunia,
1424 4061 1459 4098 ue
1479 4043 1535 4096 dis-

326 4137 433 4206 cipulus
452 4137 569 4191 ulterius
590 4138 733 4206 grauetur.

395 4225 664 4280 2Doctrinale
688 4241 900 4294 puerorum
927 4223 974 4277 des
1003 4223 1235 4278 Alexander
1261 4223 1303 4277 de
1332 4217 1533 4282 vilchei,

324 4325 379 4366 von
397 4312 529 4367 welchem
548 4314 672 4369 mehrarc
691 4313 842 4384 Ausgabeu
862 4311 915 4365 mit
928 4311 1142 4366 Commentaren
1159 4311 1190 4365 in
1202 4310 1349 4380 'l'tibingen
1367 4307 1536 4372 erechienen,

326 4399 402 4456 1512.
424 4401 500 4456 1514.
