3504 5322
709 490 825 545 Statuta
845 491 920 546 1505.
1350 496 1411 559 4⁴21

210 653 303 716 sitate
327 657 358 717 et
382 652 531 718 facultate
553 649 683 715 licencia
705 648 851 727 obtenta,
881 652 937 713 aut
964 648 1102 714 famulus
1132 651 1175 716 sit
1200 652 1335 717 doctoris
1358 658 1414 718 aut

213 757 376 842 magistri,
409 758 458 820 vel
481 757 593 820 saltem
616 754 695 819 alias
717 775 788 819 cum
812 754 996 839 parentibus
1022 757 1147 822 steterit
1175 758 1256 822 sicut
1280 758 1413 842 premis-

211 883 280 926 sum
306 866 363 926 est.

298 966 376 1031 Item
416 965 497 1029 nulli
536 964 760 1048 magistrorum
803 965 849 1028 vel
881 964 1048 1030 scolarium
1080 966 1172 1031 liceat
1202 988 1221 1030 a
1254 988 1413 1051 quoquam

210 1093 336 1148 eonnn,
371 1072 425 1156 qui
459 1093 478 1135 a
507 1069 657 1133 beanio
687 1071 762 1132 suut
785 1069 940 1147 absoluti,
974 1070 1095 1154 aliquid
1119 1071 1413 1136 cornutalium

210 1180 265 1240 aut
288 1175 352 1240 alio
374 1176 432 1239 sub
455 1173 558 1239 colore
580 1173 713 1257 exigere,
738 1178 843 1257 potest
864 1177 971 1238 tamen
988 1174 1103 1239 Rector
1121 1174 1228 1252 burso,
1262 1197 1331 1240 cum
1348 1179 1414 1241 sint

210 1281 427 1364 quinqueaut
449 1299 501 1342 sex
518 1277 643 1353 novicii,
668 1279 861 1361 permittere,
885 1279 912 1341 si
935 1279 1054 1356 volunt,
1081 1282 1117 1342 ut
1140 1279 1236 1343 simul
1254 1280 1320 1344 loco
1345 1301 1412 1344 cor·-

210 1383 367 1450 nutalium
401 1385 477 1448 dent
507 1405 602 1446 unam
637 1387 811 1447 assaturam
843 1385 890 1448 vel
922 1384 1106 1467 equiualeus
1129 1406 1188 1468 pro
1218 1388 1286 1450 tota
1308 1385 1412 1463 bursa,

209 1490 255 1553 ita
278 1493 383 1552 tamen
408 1488 490 1572 quod
513 1488 598 1553 ultra
621 1489 697 1552 duos
721 1488 777 1552 sol.
802 1488 909 1552 nullus
932 1492 1089 1573 gravetur,
1114 1489 1173 1552 sub
1196 1511 1277 1573 pena
1301 1492 1413 1574 quarte

214 1594 314 1679 partis
337 1594 457 1658 floreui.

299 1697 446 1782 Amplius
469 1697 658 1774 inhibemus,
684 1719 722 1761 ne
745 1696 954 1782 magistrandi
981 1696 1030 1762 vel
1049 1698 1317 1776 baccalaureandi,
1341 1720 1412 1763 cum

211 1804 419 1888 temptamina
448 1803 540 1867 finito
571 1823 628 1885 per
657 1805 866 1886 temptatores
898 1801 964 1866 siut
994 1803 1121 1867 admissi
1156 1807 1189 1868 et
1218 1825 1327 1868 eorum
1358 1801 1412 1867 ad-

214 1908 322 1973 missio
345 1907 485 1972 extiterit
507 1907 684 1992 publicata,
716 1911 833 1972 eeteros
856 1909 991 1973 molares
1016 1907 1233 1973 baccalaureos
1256 1912 1311 1972 aut
1334 1909 1412 1972 arti·

211 2011 283 2076 lices
306 2033 378 2076 suos
401 2012 449 2076 vel
473 2011 550 2075 alios
571 2010 667 2074 laicos
690 2011 737 2073 ad
759 2009 951 2075 balneum
983 2012 1099 2076 ducant
1129 2018 1184 2077 aut
1216 2033 1274 2097 pro
1296 2013 1411 2078 eisdem

214 2116 361 2194 inductis,
384 2122 419 2180 vt
433 2106 584 2180 hactenus
599 2115 752 2192 fecerunt,
778 2137 930 2199 expensas
946 2116 1051 2182 balnei
1067 2118 1204 2196 soluent,
1228 2139 1285 2184 nec
1304 2123 1413 2203 postea

212 2244 269 2306 pro
303 2222 346 2285 eis
379 2221 527 2286 zechas
561 2223 706 2297 teneant,
742 2243 842 2304 neque
872 2222 905 2284 iu
938 2221 1080 2286 fraudem
1103 2223 1198 2288 huius
1220 2222 1334 2288 statuti
1357 2244 1411 2287 seu

212 2327 424 2392 institutionis
446 2325 567 2410 aliquid
590 2330 800 2408 attempteut,
831 2327 1000 2410 quominus
1024 2332 1184 2404 seruetur,
1216 2332 1248 2391 et
1275 2348 1331 2410 per
1353 2327 1412 2390 hoc

213 2432 447 2515 asupervacuis
464 2435 495 2496 et
519 2430 684 2494 invisilibus
708 2431 852 2514 expensis
878 2435 1087 2495 coerceantur.
1124 2430 1192 2508 Qua
1207 2431 1241 2494 in
1265 2451 1300 2494 re
1323 2430 1411 2494 volu-

211 2559 280 2600 mus
304 2535 452 2599 similiter
474 2558 628 2622 congruas
652 2535 701 2620 (ut
725 2539 833 2621 supra)
866 2559 962 2620 penas
991 2559 1046 2622 per
1070 2537 1220 2602 Rectores
1245 2538 1412 2601 bursarum

209 2643 242 2705 iu
267 2642 331 2705 suis
355 2643 482 2706 statutis
506 2642 687 2717 bursalibus
707 2641 832 2706 decerni
855 2646 886 2706 et
910 2666 929 2706 a
951 2643 1240 2729 transgressoribus
1257 2642 1315 2706 sub
1330 2662 1413 2726 pena

211 2749 350 2832 quinque
374 2748 429 2813 sol.
453 2747 484 2810 h.
513 2748 606 2832 exigi.

293 2853 556 2918 Baccalaureandi
580 2854 684 2918 nullas
710 2875 864 2938 expensas
889 2853 1006 2918 habere
1029 2854 1198 2919 debentia
1231 2851 1412 2917 inductione

207 2957 433 3022 scolarium
464 2958 502 3022 ad
533 2958 681 3024 balneum
712 2963 768 3022 aut
800 2959 1053 3044 processionibus
1097 2960 1165 3024 siue
1204 2981 1275 3024 cum
1306 2957 1412 3022 mimis

205 3063 271 3128 siue
294 3063 412 3146 absque
437 3064 563 3140 talibus,
590 3065 649 3128 sub
673 3085 755 3148 pena
778 3086 841 3129 nou
865 3064 1066 3130 admissionis
1089 3085 1147 3148 pro
1170 3063 1277 3128 eadem
1301 3063 1376 3127 vice.

295 3167 377 3231 Item
411 3167 517 3231 nullus
559 3167 779 3232 baccalaureus
817 3172 873 3232 aut
906 3169 1034 3234 scolaris
1067 3170 1237 3233 stubam
1271 3169 1411 3250 aliquam

208 3275 325 3357 absque
355 3295 461 3337 eorum
486 3293 620 3356 quorum
650 3273 782 3337 interest
812 3274 943 3339 licencia
971 3276 1009 3339 de
1039 3279 1142 3338 cetero
1173 3278 1296 3337 extra
1318 3273 1411 3336 bur·

210 3400 292 3442 sam
316 3378 487 3442 conducere
509 3380 677 3460 presumat,
703 3377 762 3442 sub
785 3400 867 3462 pena
890 3379 1023 3443 <luorum
1048 3379 1248 3443 florenorum.

296 3481 412 3546 Nullus
443 3482 576 3566 denique
608 3482 773 3546 scolarium
804 3483 899 3546 etiam
930 3505 987 3567 pro
1015 3485 1137 3548 modico
1160 3487 1215 3547 aut
1237 3481 1331 3546 zecha
1352 3481 1412 3546 lu·

209 3587 302 3652 dere
324 3590 500 3670 presumat,
532 3587 590 3650 sub
623 3609 703 3670 pena
732 3587 825 3650 vuius
855 3586 968 3651 floreui
996 3593 1028 3652 et
1052 3587 1285 3653 confiscationis
1308 3586 1411 3650 lucra-

209 3699 322 3758 torum.
368 3693 433 3758 Sub
463 3694 569 3758 eadem
594 3693 691 3790 etiam
714 3715 796 3777 pena
818 3693 964 3778 magistri
989 3699 1020 3758 et
1046 3693 1182 3757 maxime
1205 3697 1411 3757 conuentcrcs

209 3823 279 3864 cum
303 3804 358 3863 aut
381 3821 485 3864 coram
508 3799 679 3863 scolaribus
703 3821 760 3883 pro
784 3821 817 3862 re
841 3799 973 3864 minima
1004 3803 1060 3864 aut
1090 3799 1184 3864 zecha
1214 3799 1322 3863 ludere
1347 3820 1410 3863 non

210 3909 410 3990 attemptent.

277 4009 377 4073 'Item
414 4009 537 4072 nullum
576 4009 771 4093 suppositum
807 4011 967 4076 facultatis
995 4012 1114 4076 artium
1146 4008 1290 4074 accedere
1320 4008 1412 4072 debet

209 4113 388 4178 choreas
410 4113 632 4195 nuptiales
656 4115 694 4178 ad
717 4136 768 4178 eas
793 4115 972 4199 specialiter
1003 4138 1066 4180 non
1091 4114 1281 4192 invitatum,
1311 4133 1412 4196 neque

210 4220 376 4303 quisquam
407 4217 552 4282 choream
591 4241 654 4283 non
692 4219 868 4304 nuptialem
913 4225 1057 4304 procuret
1087 4223 1143 4285 aut
1176 4219 1244 4283 fieri
1274 4217 1409 4283 ordinet.

212 4325 286 4390 Non
310 4325 406 4389 etiam
439 4324 605 4410 quisquam
628 4326 797 4391 scolarium
827 4326 866 4389 ad
896 4325 941 4390 sic
969 4347 1024 4408 per
1054 4326 1215 4390 studentes
1238 4328 1293 4389 aut
1315 4319 1411 4388 laicos

209 4430 369 4495 ordinatas
399 4429 526 4495 choreas
550 4431 703 4498 inuitatus
725 4435 867 4497 autnon
891 4432 1046 4497 inuitatus
1070 4433 1214 4498 accedere
1237 4435 1408 4516 presumat,

209 4537 269 4601 sub
291 4559 374 4620 pena
396 4541 517 4620 septem
540 4538 712 4603 solidorum
735 4537 855 4603 tociens
878 4537 1025 4620 quociens
1048 4537 1278 4603 soluendorum.
