3460 5314
345 462 408 526 278
799 457 932 512 Facultas
949 455 1082 511 luridica.

431 616 606 683 Statuimus
638 617 721 702 quod
752 616 887 700 quilibet
909 615 1017 681 doctor
1048 615 1156 702 legens
1179 615 1281 701 possit
1310 617 1378 680 loco
1400 616 1548 681 lectionis

344 745 398 788 sue
427 724 534 786 tenere
567 743 663 786 vnum
685 721 912 798 circulum,
946 742 1008 805 quo
1040 720 1124 786 facto
1145 743 1211 786 non
1238 725 1402 788 censeatur
1424 721 1547 805 aliquid

343 827 527 913 neglexisse.
573 826 615 890 Et
638 827 665 890 si
689 826 759 910 quis
782 826 921 909 aliquam
953 825 1122 891 lectionem
1152 827 1200 890 vel
1230 826 1337 910 plures
1360 827 1546 912 neglexerit,

342 931 426 1018 quod
448 933 525 996 tunc
546 931 647 1015 possit
675 930 760 994 infra
789 930 878 994 illam
906 931 1072 1016 angariam
1104 935 1211 995 tenere
1246 953 1345 995 vniam
1368 931 1415 996 vel
1440 921 1547 1015 plures

345 1037 478 1104 circulos
501 1039 533 1100 et
555 1036 599 1100 sic
630 1035 750 1101 euitare
773 1059 885 1121 penam
911 1036 997 1102 illius
1012 1036 1157 1101 lectionis
1171 1035 1322 1119 neglecte.
1369 1034 1547 1099 Dummodo

346 1147 453 1207 tamen
476 1164 533 1224 per
548 1138 728 1205 huiusmodi
743 1140 895 1205 circulum
912 1163 975 1206 non
995 1141 1187 1225 impediatur
1202 1140 1265 1205 alia
1280 1140 1374 1205 lectio
1388 1139 1549 1205 ordinaria

345 1247 379 1310 in
403 1245 536 1310 iuridica
556 1245 717 1310 facultate.

432 1350 513 1416 Item
538 1351 645 1415 nullus
667 1350 801 1416 Scolaris
824 1349 902 1414 iuris
932 1350 1056 1416 etiamsi
1081 1351 1126 1416 sit
1148 1350 1375 1415 Baecalaureus
1397 1349 1475 1414 iuris
1498 1372 1548 1414 as-

347 1455 459 1520 cendat
488 1453 676 1519 kathedram
706 1454 899 1520 doctoralem
929 1457 963 1520 in
993 1456 1086 1521 acolis
1117 1456 1183 1521 siue
1212 1456 1298 1540 legat
1320 1456 1387 1522 siue
1410 1458 1550 1519 resumat

349 1582 406 1645 pro
430 1582 464 1625 se
486 1560 553 1625 siue
576 1582 634 1644 pro
656 1560 719 1625 alio
741 1561 824 1625 vices
844 1560 980 1626 doctoris
996 1561 1172 1646 supplendo
1194 1559 1254 1624 Sed
1269 1559 1381 1624 stetin
1396 1559 1550 1636 inferiori,

347 1664 515 1730 dummodo
548 1673 654 1729 tamen
682 1665 721 1729 ad
752 1665 811 1730 hoc
832 1665 995 1731 licentiam
1017 1689 1037 1730 a
1059 1665 1175 1730 decano
1205 1663 1255 1729 vel
1277 1664 1355 1729 alias
1378 1664 1549 1730 secundum

347 1769 579 1835 ordinationem
605 1768 761 1834 habuerit.

414 1994 471 2059 De
494 1995 613 2058 modo
636 1995 772 2060 forma
795 1995 1075 2078 aequalitate
1104 1993 1482 2079 promouendorum.

434 2185 609 2252 Statuimus
639 2189 671 2250 et
701 2187 883 2252 ordinamus
905 2186 989 2271 quod
1019 2186 1127 2251 volens
1150 2185 1330 2271 promoueri
1352 2184 1391 2250 ad
1412 2183 1551 2266 aliquem

346 2291 482 2378 gradum
505 2291 540 2354 in
563 2291 631 2356 iure
656 2291 768 2356 debeat
788 2291 875 2355 adire
890 2290 1041 2355 decanum
1057 2289 1218 2355 facultatis
1234 2288 1373 2365 iuridice‚
1397 2288 1452 2371 qui
1474 2309 1550 2352 con-

211 2457 216 2468 .
348 2397 497 2484 gregabit
526 2397 667 2462 doctores
696 2399 841 2483 regentes
865 2397 897 2460 in
922 2395 1030 2462 eadem
1055 2396 1223 2471 facultate,
1257 2414 1364 2458 coram
1386 2390 1551 2477 quibusis

265 2541 273 2555 ·
346 2503 400 2586 qui
423 2501 602 2588 promoueri
625 2500 781 2566 desiderat
808 2504 896 2586 petat
926 2523 959 2566 se
982 2501 1108 2566 admitti
1137 2501 1176 2565 ad
1205 2521 1334 2564 examen
1359 2520 1416 2582 pro
1439 2497 1550 2583 gradu,

347 2626 439 2689 quem
472 2605 608 2670 voluerit
630 2606 768 2690 adipisci.
814 2605 856 2670 Et
886 2609 994 2691 postea
1029 2628 1102 2671 mox
1136 2605 1235 2684 iuret,
1272 2603 1356 2688 quod
1389 2603 1416 2666 si
1450 2605 1551 2667 retar-

292 2759 293 2762 ,
347 2709 439 2774 datus
471 2709 570 2774 luerit
601 2715 657 2775 aut
679 2712 883 2796 reprobatus,
920 2711 1003 2796 quod
1025 2733 1089 2776 non
1110 2710 1188 2776 velit
1210 2711 1241 2775 id
1258 2708 1417 2773 vindicare
1439 2728 1494 2791 per
1517 2729 1552 2771 se

350 2813 401 2878 vel
423 2835 479 2898 per
501 2813 599 2880 alium
630 2816 746 2881 directe
774 2816 825 2881 vel
853 2816 1022 2896 indirecte,
1053 2815 1166 2900 quouis
1196 2814 1319 2899 quesite
1349 2813 1478 2899 ingenio
1500 2812 1551 2876 vel

346 2916 458 2982 colore.

443 3019 525 3087 Item
559 3023 643 3106 quod
675 3045 769 3109 super
801 3025 1005 3110 interrogatis
1037 3023 1116 3089 velit
1152 3023 1254 3088 dicere
1287 3023 1453 3087 veritatem
1487 3023 1551 3087 sibi

347 3127 459 3192 scitam
491 3127 559 3192 sine
592 3127 666 3193 dolo
696 3133 728 3193 et
757 3129 874 3194 fraude.
929 3129 997 3204 Quo
1028 3130 1111 3193 facto
1140 3126 1372 3211 promouendus
1406 3133 1496 3191 exeat
1518 3131 1551 3193 et

347 3253 534 3316 responsum
555 3233 716 3299 facultatis
738 3238 906 3317 exspectet.
952 3233 1079 3298 Interea
1102 3255 1176 3298 vero
1191 3230 1325 3296 facultas
1348 3229 1551 3295 deliberando

349 3335 387 3399 de
409 3335 475 3399 eius
497 3337 686 3403 admissione
709 3339 858 3422 inquiret,
884 3343 990 3403 vtrum
1005 3337 1112 3403 debito
1134 3342 1276 3422 tempore
1298 3335 1462 3415 studuerit,
1486 3334 1550 3400 lec-

350 3440 454 3504 tiones
477 3443 510 3504 et
531 3441 595 3505 alia
616 3442 822 3527 compleuerit
845 3445 934 3508 iuxta
956 3444 1120 3508 facultatis
1136 3442 1350 3508 ordinationes
1372 3462 1408 3505 ac
1429 3443 1551 3505 statuta

350 3547 382 3608 et
404 3544 573 3610 seeundum
596 3547 655 3611 hoc
678 3548 892 3631 promouendo
915 3548 1005 3613 dabit
1027 3568 1224 3632 responsum.

435 3648 587 3724 Quocirca
619 3654 788 3717 statuimus
819 3653 903 3736 quod
932 3653 1040 3718 nullus
1064 3653 1252 3717 admittatur
1274 3651 1313 3715 ad
1336 3672 1466 3715 examen
1488 3672 1548 3734 pro

346 3755 447 3839 gradu
469 3754 831 3822 baccalaureutus
854 3757 887 3822 in
909 3758 979 3823 iure
1002 3755 1076 3822 Nisi
1099 3759 1187 3843 prius
1209 3758 1243 3822 in
1267 3754 1426 3840 presentia
1449 3754 1551 3820 facul-

346 3859 422 3924 tatis
452 3859 592 3924 docuarit
620 3883 675 3945 per
707 3862 852 3948 legitima
883 3864 1072 3928 documenta
1103 3867 1158 3928 aut
1188 3861 1300 3926 saltem
1332 3860 1461 3944 proprio
1492 3882 1550 3925 suo

347 3964 526 4029 iuramento
557 3965 598 4048 (si
628 3965 774 4032 facultati
803 3968 947 4052 inspecta
980 3967 1161 4032 conditione
1183 3987 1315 4050 persone
1337 3965 1370 4029 id
1391 3964 1551 4032 videbitur

257 4087 260 4092 ’
345 4069 511 4154 sufficere),
535 4071 618 4153 quod
639 4093 696 4156 per
719 4072 797 4137 duos
820 4094 919 4137 annos
942 4094 1014 4136 cum
1030 4071 1161 4137 dimidio
1185 4070 1321 4135 audierit
1342 4069 1492 4134 lectiones
1514 4091 1551 4135 ac

346 4159 514 4238 studuerit
527 4175 561 4239 in
583 4174 675 4240 scolis
698 4175 731 4240 in
754 4175 831 4253 iure,
855 4175 888 4238 in
912 4197 975 4259 quo
998 4175 1177 4259 promoueri
1199 4174 1356 4239 desiderat
1378 4176 1410 4237 et
1432 4172 1492 4237 hoe
1514 4173 1549 4237 in

348 4276 452 4341 studio
476 4279 618 4363 generali
638 4302 675 4344 ac
697 4279 911 4364 priuilegiato,
935 4279 981 4342 ita
1001 4279 1085 4362 quod
1101 4278 1246 4344 videlicet
1262 4301 1318 4363 per
1333 4277 1453 4343 dictum
1468 4283 1549 4342 tem·

349 4402 407 4466 pus
430 4381 624 4447 ordinarium
647 4386 679 4448 et
701 4382 860 4468 legentem
893 4383 927 4446 in
949 4383 1042 4447 nouis
1072 4384 1193 4448 iuribus
1216 4384 1382 4448 audiuerit.
1427 4383 1550 4448 Poterit

346 4489 455 4550 tamen
477 4487 611 4553 facultas
633 4489 776 4574 inspecta
804 4488 985 4574 ydoneitata
1013 4510 1144 4573 persone
1166 4488 1372 4574 promouendi
1394 4508 1433 4552 ex
1456 4508 1550 4554 eausa
