3462 5320
343 423 408 488 214
703 419 746 474 41.
770 419 904 476 Statuten
922 419 949 474 d.
968 419 1002 475 U.
1021 437 1078 477 von
1098 421 1173 476 1537.

428 577 463 644 Si
484 578 623 642 alienum
646 578 716 662 quis
738 599 853 643 nomen
870 579 967 642 fuerit
989 579 1148 662 professus
1171 584 1204 645 et
1218 581 1385 664 pecuniam
1406 583 1543 668 inscrip-

342 684 440 750 tionis
464 684 590 748 nomine
612 683 761 762 soluerit,
794 707 813 748 a
843 684 1053 748 studiosorum
1088 707 1218 749 numero
1249 686 1391 753 exclusus
1420 691 1488 753 esto
1511 693 1545 753 et

341 790 475 877 pecunia
497 791 609 854 careto.

429 893 491 970 Qui
512 893 691 958 studiorum
713 915 806 958 causa
822 893 884 958 huc
906 893 1053 958 uenerint
1076 915 1112 958 ac
1135 895 1265 959 nomina
1288 917 1345 960 sua
1367 898 1450 982 apud
1464 897 1544 962 Rec-

343 1005 445 1065 torem
468 998 587 1063 fuerint
619 998 768 1082 professi,
799 997 1012 1063 Decanum
1035 999 1102 1064 eins
1123 1000 1304 1079 facultatis,
1335 1003 1386 1066 cui
1408 1003 1546 1067 maxime

344 1126 471 1189 operam
495 1103 600 1167 daturi
622 1106 719 1181 sunt,
747 1107 780 1168 et
803 1104 831 1167 si
854 1104 987 1168 studiosi
1019 1105 1174 1169 bonarum
1198 1107 1315 1170 artium
1337 1129 1403 1171 esse
1426 1107 1544 1184 uolent,

344 1206 724 1294 paedagogarcham
755 1208 845 1272 nulla
875 1230 963 1272 mora
992 1209 1180 1294 interposita
1211 1211 1379 1275 iubeantur
1403 1212 1546 1276 accedere

345 1319 378 1379 et
400 1335 499 1390 orare,
521 1316 558 1376 ut
581 1312 614 1375 in
638 1311 746 1376 album
770 1313 836 1377 eius
858 1311 1035 1377 Facultatis
1058 1314 1255 1392 referantur,
1281 1316 1345 1400 (cui
1367 1319 1473 1380 tamen
1495 1317 1546 1380 in·

347 1418 530 1504 scriptionis
554 1417 682 1483 nomine
705 1417 788 1482 nihil
811 1418 991 1502 persoluere
1013 1419 1190 1504 cogentur).
1243 1419 1294 1484 Ita
1315 1421 1407 1485 enim.
1422 1421 1487 1498 fiet,
1510 1423 1547 1485 ut

347 1526 545 1610 singularum
568 1522 801 1609 professionum
824 1522 975 1589 Doctores
999 1527 1031 1587 et
1053 1524 1202 1610 Magistri
1231 1547 1304 1590 suos
1326 1526 1494 1590 obseruare
1516 1529 1548 1589 et

347 1653 412 1697 non
434 1630 538 1694 solum
560 1628 674 1705 studia,
698 1627 751 1691 sed
774 1647 876 1692 mores
899 1627 996 1692 etiam
1011 1628 1229 1693 adolescentiae
1252 1630 1437 1716 gubernare,
1462 1653 1499 1695 ac
1521 1630 1548 1694 si

347 1737 392 1801 ita
415 1757 464 1799 res
487 1733 591 1810 ferat,
626 1731 807 1797 testimonia
831 1735 863 1797 et
886 1733 1021 1798 honores
1051 1733 1129 1819 ipsis
1157 1737 1228 1798 tuto
1250 1736 1392 1801 conferre
1414 1737 1547 1822 possint.

349 1841 398 1908 Ne
421 1844 526 1904 tamen
550 1837 749 1922 negligentes
772 1837 900 1903 Rectori
930 1842 962 1902 et
984 1837 1119 1904 Decanis
1145 1839 1320 1924 imponant,
1344 1841 1412 1924 ipse
1434 1825 1578 1906 Rector'

347 1944 521 2031 perscripto
545 1941 583 2006 ad
608 1940 767 2006 Decanum
790 1944 841 2006 uel
864 1943 1146 2028 paedagogarcham
1176 1944 1305 2010 nomine
1327 1945 1461 2010 studiosi
1483 1967 1550 2010 cer·

349 2051 412 2116 tior
435 2050 500 2128 fiet,
523 2069 601 2112 num
624 2045 743 2110 saillis
767 2048 924 2112 indicarit.
977 2049 1258 2133 indelinquentes
1282 2075 1300 2115 a
1323 2051 1458 2116 Rectore
1480 2049 1551 2115 ani·

351 2155 575 2220 maduertetur.

435 2258 556 2324 Decani
578 2257 778 2342 singularum
793 2257 1003 2336 Facultatum,
1027 2262 1101 2342 post
1122 2257 1199 2322 noui
1215 2257 1334 2323 Decani
1356 2259 1551 2339 electionem,

282 2377 287 2386 ’
352 2389 415 2431 rna
447 2387 518 2430 curn
554 2363 684 2448 collegis
706 2363 982 2448 consignationem
1015 2362 1196 2427 auditorum
1227 2385 1354 2428 suorum
1385 2363 1554 2449 diligenter

350 2471 521 2556 inspiciant
544 2473 576 2534 et
597 2470 682 2533 inter
705 2490 737 2532 se
759 2467 797 2532 de
820 2467 964 2552 profectu
980 2471 1012 2532 et
1034 2468 1202 2553 diligentia
1223 2473 1355 2534 suorum
1378 2469 1552 2547 mnferant,

351 2577 550 2663 negligentes
573 2578 742 2652 accersant,
766 2573 935 2638 hortentur
958 2574 1132 2658 increpent,
1157 2575 1328 2658 desperatae
1349 2574 1554 2660 negligentiae

351 2687 384 2748 et
406 2680 620 2765 improbitatis
643 2679 812 2762 discipulos
827 2678 957 2744 Senatui
980 2679 1169 2763 significent,
1193 2682 1229 2742 ut
1251 2679 1351 2742 ueluti
1373 2678 1501 2743 inutilia
1524 2683 1556 2742 et

350 2787 458 2871 putida
484 2783 624 2850 membra
646 2807 665 2848 a
690 2788 759 2848 toto
793 2806 921 2868 corpore
951 2783 1178 2849 Vniuersitatis
1204 2787 1392 2848 resecentur.
1440 2783 1474 2848 Si
1498 2784 1554 2867 qui

353 2889 530 2975 Magisterij
554 2890 688 2974 gradum
712 2889 818 2973 adepti
842 2890 990 2974 progredi
1022 2889 1061 2953 ad
1084 2889 1198 2954 altiora
1220 2889 1325 2953 studia
1346 2889 1472 2965 uolent,
1503 2909 1555 2952 cos

352 2995 497 3059 Decanus
531 2995 649 3058 artium
680 2995 788 3059 statim
812 3018 831 3060 a
853 2995 1051 3079 promotione
1074 2995 1234 3074 monebit,
1266 2998 1302 3058 ut
1325 3015 1440 3058 nomen
1464 3015 1557 3057 suum

353 3100 420 3165 eius
442 3099 614 3177 facultatis,
638 3099 688 3164 cui
711 3121 744 3166 se
767 3100 909 3165 addicere
924 3101 1041 3178 uolent,
1067 3097 1193 3165 Decano
1213 3099 1354 3165 indicent
1377 3102 1431 3163 aut
1452 3097 1556 3183 paeda·

354 3205 531 3292 gogarchae.

440 3311 568 3396 Absque
600 3311 754 3398 Magistro
786 3331 822 3374 ac
851 3311 1043 3394 praeceptore
1077 3305 1301 3392 uagabundos,
1333 3306 1389 3389 qui
1411 3305 1558 3390 Magistri

354 3421 386 3481 et
407 3414 559 3481 Doctores
583 3438 646 3482 non
670 3416 745 3494 sint,
770 3415 929 3480 neminem
950 3414 1026 3478 ferri
1049 3417 1183 3497 oportet.
1228 3412 1340 3494 Itaque
1363 3410 1391 3475 si
1414 3412 1465 3476 uel
1479 3411 1559 3477 ltce-

356 3527 407 3586 tor
429 3521 497 3605 ipse
520 3522 570 3586 uel
594 3521 647 3606 alij
670 3521 864 3605 professores
896 3520 1107 3603 compererint
1129 3519 1163 3582 in
1185 3518 1244 3582 hac
1267 3517 1406 3601 aliquem
1428 3517 1560 3582 lieentia

359 3626 476 3702 uiuere,
499 3626 685 3690 accersitum
709 3626 866 3710 castigent
891 3625 997 3690 uerbis
1020 3629 1052 3688 et
1075 3628 1198 3708 ternpus
1220 3622 1441 3705 praescribant,
1475 3621 1561 3686 intra

357 3731 442 3814 quod
476 3731 630 3815 subijcere
660 3753 693 3795 se
717 3731 872 3815 Magistro
902 3733 957 3794 aut
985 3728 1172 3815 praeceptori
1206 3727 1325 3791 debeat.
1381 3725 1469 3800 Quod
1500 3726 1562 3790 uisi

358 3837 484 3914 obierit,
507 3859 679 3902 enumero
712 3837 923 3901 studiosorum
955 3836 1138 3912 excluditor.
1184 3831 1266 3895 Eum
1295 3834 1401 3894 autem
1424 3851 1562 3914 praecep·

358 3949 458 4009 torem
482 3941 697 4027 accipiendum
729 3965 796 4006 esso
824 3942 987 4019 uolumuS,
1020 3940 1075 4024 qui
1099 3938 1151 4002 uel
1173 3936 1348 4021 Magisterij
1372 3935 1505 4019 gradum
1528 3934 1562 3998 in

358 4050 465 4134 aliqua
486 4047 656 4113 Academia
678 4049 720 4112 sit
742 4049 883 4131 adeptus,
906 4047 958 4111 uel
981 4046 1007 4109 si
1029 4044 1183 4129 Magister
1206 4063 1271 4106 non
1294 4041 1353 4118 sit,
1384 4062 1473 4103 suam
1495 4041 1564 4124 pie-

358 4158 457 4219 tatem
480 4153 689 4219 eruditionem
712 4156 744 4218 et
767 4173 868 4216 mores
890 4149 1017 4214 Rectori
1040 4153 1071 4213 et
1092 4145 1240 4212 facultati
1268 4146 1423 4209 bonarum
1446 4144 1564 4208 artium

362 4259 597 4345 approbauerit.

448 4365 509 4441 Qui
531 4365 570 4430 ad
592 4366 727 4430 honores
750 4367 782 4429 et
797 4363 913 4449 gradus
928 4360 1024 4442 studij
1043 4355 1254 4444 philosophici
1277 4353 1472 4438 aspirabunt,
1496 4373 1565 4416 orn·

364 4491 419 4534 nes
441 4470 575 4556 posthac
597 4471 630 4534 in
651 4467 940 4534 contubernio
972 4465 1030 4530 sub
1052 4463 1220 4549 disciplina
1242 4460 1385 4525 Rectoris
1406 4462 1439 4522 et
1462 4457 1566 4542 Megi-
