3464 5318
396 475 435 528 14.
460 472 510 528 Die
529 473 703 529 Universittt
720 474 803 530 kunst
821 474 865 528 ein
885 474 1043 530 tectorium
1062 474 1139 529 1490.
1321 477 1360 541 81

252 633 293 696 Et
309 634 453 717 quemuis
469 635 696 719 spopondimus
712 656 769 698 nos
792 635 875 698 dieto
890 634 987 719 priori
1004 636 1036 697 et
1051 634 1221 698 conuentui
1238 633 1271 698 in
1293 634 1364 699 aliis

165 737 378 824 quadraginta
407 738 533 802 florenis
563 761 620 822 pro
651 737 865 822 assignatione
896 737 958 802 loci
987 761 1060 822 pro
1095 739 1276 804 lectorio
1299 737 1365 802 Ju-

165 845 370 907 ristarum
392 844 620 920 subuenturos‚
653 843 729 926 quia
760 847 866 907 tamen
890 843 975 908 loeus
997 843 1071 908 talis
1093 844 1228 930 singulis
1250 844 1367 928 ponde-

165 947 242 1012 retis
270 970 328 1034 pro
358 947 541 1018 huiusmodi
574 947 704 1012 leoturio
739 947 1046 1032 disproportionatus
1082 954 1114 1014 et
1145 952 1250 1014 miuus
1275 953 1366 1034 aptus

167 1051 252 1116 risus
275 1053 348 1130 fuit,
373 1075 422 1118 res
445 1053 589 1117 illatam
612 1054 648 1117 de
671 1056 780 1117 nostro
814 1074 909 1136 quam
932 1053 1073 1137 ipsorum
1095 1054 1231 1120 fratrum
1254 1055 1368 1139 prioris

164 1162 197 1224 et
220 1165 394 1224 conuentus
416 1159 516 1223 libero
538 1180 691 1223 consensu
714 1162 746 1222 ot
767 1158 929 1224 voluntate
951 1180 1008 1224 suo
1029 1159 1093 1224 fine
1114 1165 1146 1226 et
1168 1161 1280 1226 effectu
1301 1161 1368 1225 fru-

164 1268 266 1329 strata
288 1269 354 1342 est,
386 1263 477 1329 nobis
501 1264 711 1349 quadraginta
740 1263 868 1328 florenis
891 1268 923 1328 et
944 1264 1013 1330 looo
1039 1266 1147 1331 eodem
1169 1267 1248 1351 ipsis
1270 1267 1369 1352 priori

164 1374 197 1435 et
220 1369 389 1435 conuentui
411 1369 541 1446 relictis,
565 1369 652 1434 omni
675 1391 771 1453 supra
793 1392 830 1434 eo
844 1371 986 1434 alteriori
1003 1371 1200 1456 impetitione
1215 1374 1365 1436 cessante.

253 1475 292 1538 In
315 1495 449 1559 quorum
480 1474 706 1558 premissorum
739 1475 833 1540 fidem
864 1479 897 1540 et
924 1476 1141 1542 testimonium
1166 1476 1274 1542 literas
1297 1497 1369 1561 pre-

166 1585 272 1645 sentes
295 1580 387 1644 dietis
412 1579 510 1664 priori
536 1585 568 1645 et
591 1581 760 1646 conuentui
782 1581 1014 1667 assignauimus
1029 1586 1137 1646 nostre
1153 1582 1369 1646 vniuersitatis

164 1686 274 1772 sigillo
297 1686 494 1770 subappenso
517 1686 734 1751 communitas.
787 1686 826 1750 Α.
851 1687 889 1751 D.
917 1691 1010 1766 1490,
1034 1691 1065 1751 9.
1089 1685 1174 1771 Sept.
1198 1687 1370 1752 indictione

164 1797 286 1857 octaua.

237 2000 269 2056 Κ.
287 2001 489 2058 Stostsarehiv.
526 2000 695 2070 Pergament
713 1999 784 2056 ohne
804 2000 904 2070 Siegel.

478 2429 702 2523 Gegenbrief
726 2428 790 2500 der
817 2426 1058 2521 Augustiner.

257 2621 422 2686 Uniuersis
445 2625 477 2684 et
501 2619 636 2706 singulis
660 2623 821 2704 presentes
842 2618 951 2683 literas
976 2620 1166 2704 inspecturis
1189 2621 1316 2686 lecturis
1339 2626 1370 2685 et

166 2727 323 2791 audituris
347 2726 546 2811 presentibus
570 2729 602 2789 et
624 2725 758 2810 posteris
780 2724 872 2789 Prior
901 2729 933 2789 et
955 2723 1136 2790 Conuentus
1163 2725 1282 2789 ordinis
1306 2725 1371 2789 fra·

166 2836 255 2896 trum
277 2831 501 2896 heremitarum
523 2829 554 2895 S.
571 2829 746 2916 Augustini
761 2828 947 2893 Monasterii
964 2830 997 2893 in
1013 2829 1189 2914 Tuwingen
1204 2829 1367 2894 Constant.

167 2939 256 3022 dyoe.
280 2937 428 3002 notitiam
458 2936 708 3020 subscriptorum
739 2957 809 3000 eum
834 2935 935 3000 salute
965 2935 999 2998 in
1022 2957 1057 2999 eo
1081 2935 1135 3018 qui
1158 2935 1299 2999 omnium
1323 2938 1372 2998 est

170 3064 245 3107 vera
267 3042 361 3106 sulus.

257 3147 336 3211 Cum
358 3147 418 3231 hys
441 3145 550 3210 diebus
572 3147 798 3210 monasterium
822 3149 964 3210 nostrum
993 3143 1169 3227 predictum
1191 3167 1246 3209 sua
1269 3148 1374 3209 vetus·

167 3257 236 3318 tate
259 3253 384 3317 ruinam
408 3252 534 3318 minans
557 3251 590 3315 in
606 3252 670 3315 suis
686 3251 815 3315 edificiis
830 3250 974 3314 funditus
991 3249 1232 3333 deposuerimus,
1256 3271 1375 3313 nouum

166 3359 245 3424 illue
269 3380 325 3442 pro
356 3357 529 3422 necessario
560 3359 668 3420 nostro
699 3379 755 3419 vsu
780 3355 828 3437 (vt
851 3355 1100 3420 Sacratissimam
1123 3359 1264 3419 nostram
1287 3354 1374 3420 Beli-

166 3466 297 3550 gionem
325 3463 595 3549 Augustinianam
627 3462 788 3545 condecet)
823 3483 893 3525 aum
927 3459 1110 3524 monasticis
1144 3460 1280 3525 officinis
1310 3480 1373 3524 non

167 3571 236 3634 siue
259 3568 410 3654 grauibus
441 3569 585 3654 expensis
608 3568 664 3632 deo
687 3568 764 3632 duae
788 3571 819 3630 et
842 3571 961 3631 rectore
984 3565 1175 3645 edificando,
1205 3567 1290 3630 visus
1313 3565 1375 3630 fuit

168 3679 200 3740 et
224 3677 307 3741 alme
329 3675 530 3740 uniuersitati
547 3673 752 3760 Tuwingensi
769 3676 800 3738 et
821 3673 912 3737 nobis
936 3672 1003 3736 illie
1016 3673 1102 3737 locus
1125 3672 1163 3736 ad
1187 3672 1373 3737 orientalem

168 3781 299 3866 plagam
323 3780 457 3845 ambitui
480 3782 562 3846 eirea
584 3785 709 3865 portam
732 3779 916 3843 monasterii
945 3778 1154 3864 principalem
1176 3800 1271 3862 super
1293 3798 1375 3842 nouo

170 3885 279 3949 celleri
302 3886 481 3970 contiguus,
505 3885 590 3949 infra
611 3889 718 3948 tamen
742 3883 879 3947 fratrum
904 3883 1141 3962 dormitorium,
1166 3905 1224 3967 pro
1245 3882 1374 3947 lectorio

169 3990 403 4076 'theologorum
427 3990 525 4073 ipsius
547 3989 762 4054 uniuersitatis
784 3989 861 4053 satis
883 3993 985 4073 aptus.

259 4094 371 4179 Itaque
395 4117 432 4160 ex
456 4095 612 4181 singulari
635 4094 743 4159 fauore
777 4116 839 4178 quo
866 4094 1022 4177 prefatam
1046 4092 1163 4156 almam
1186 4091 1375 4157 vniuersita-

168 4207 236 4266 tem
259 4203 293 4265 in
317 4201 444 4267 domiuo
468 4202 688 4286 prosequimur
701 4198 749 4265 De
765 4221 910 4284 expresso
926 4199 1020 4263 etiam
1039 4219 1191 4262 consensu
1202 4195 1378 4261 Reuerendi

169 4312 204 4373 et
237 4305 391 4392 Religiosi
422 4306 522 4390 patris
553 4307 662 4370 fratris
691 4305 858 4370 Andree
885 4304 1034 4369 Proles
1064 4302 1184 4367 Viearii
1215 4301 1377 4366 Generalis

169 4413 394 4479 Conuentuum
416 4413 679 4500 Congregationis
702 4412 867 4477 Alemaaie
897 4408 1012 4496 prefati
1036 4407 1155 4473 ordinis
1177 4405 1376 4473 Reformato-

224 4535 355 4578 ariandon
370 4536 411 4576 aar
424 4535 453 4578 o.
467 4535 597 4586 ratingen.
1145 4513 1162 4569 6
