3442 5314
339 391 379 458 12
610 387 636 442 4.
664 385 824 456 Papstliche
841 386 923 442 Bullc
941 403 1005 443 vom
1026 387 1067 442 13.
1085 387 1157 444 Nou.
1179 387 1255 443 1476.

338 546 405 614 Nos
429 567 558 612 eunica
581 567 643 629 qua
666 544 771 609 decuit
792 546 974 612 reuerencia
996 547 1151 632 accepisse
1172 547 1343 626 reuerita,
1378 548 1542 634 huncqui

337 652 479 736 sequitur
502 651 656 715 Tenorenr
680 651 717 716 de
739 651 833 716 verbo
857 652 891 715 in
914 651 1045 716 verbum
1070 653 1279 718 continentes.

421 756 540 822 errvs
566 778 727 820 nr1scorvs
752 779 867 820 saavvs
894 778 1060 821 snnvoauu
1087 782 1157 822 nar:
1183 756 1316 822 Dilectis
1329 759 1404 823 filiis
1420 758 1541 826 Abbati

335 862 369 926 in
394 860 571 926 Blaburren
593 864 626 925 et
645 860 677 925 S.
694 859 827 926 Martini
850 861 884 924 in
907 860 1123 946 Sindelfingen
1146 883 1202 945 per
1230 863 1432 948 Prepositum
1454 866 1541 931 soliti

336 966 507 1050 gubernari
541 966 806 1031 Monastericrum
838 987 874 1030 ac
905 965 1032 1030 ecclesie
1061 967 1095 1030 in
1125 965 1338 1053 Herremberg
1367 967 1540 1054 Prepositis

335 1069 588 1136 Constanciensis
619 1070 766 1148 diocesis,
803 1068 944 1134 Salutem
975 1073 1007 1135 ct
1039 1070 1245 1153 apostolicam
1278 1071 1537 1138 benedictionem.

335 1174 486 1260 Copiosus
516 1176 550 1239 in
586 1175 799 1240 misericordia
830 1175 995 1252 dominus,
1026 1179 1059 1239 et
1089 1175 1123 1238 in
1147 1176 1269 1240 cunctis
1292 1176 1358 1240 suis
1380 1177 1538 1263 gloriosus

334 1280 491 1364 operibns,
515 1303 533 1344 a
556 1303 617 1364 quo
640 1280 747 1344 omnia
776 1280 859 1344 dona
880 1280 1030 1357 defluunt,
1064 1279 1184 1344 adhoc
1207 1279 1297 1344 uobis
1320 1281 1395 1346 licet
1416 1282 1538 1347 insuffi-

335 1385 490 1450 cientibus
519 1385 641 1449 meritis
674 1407 728 1450 sue
758 1406 871 1468 sponse
900 1384 1085 1448 uniuersalis
1115 1383 1243 1448 ecclesie
1274 1385 1417 1468 regimen
1452 1409 1537 1452 com-

334 1492 461 1555 mittere
488 1493 519 1554 et
541 1493 649 1554 nostre
672 1488 829 1553 debilitati
860 1489 970 1573 iugum
993 1486 1164 1570 apostolice
1190 1487 1354 1552 seruitutis
1376 1489 1539 1574 imponere

335 1595 444 1674 voluit,
466 1599 503 1658 ut
524 1597 687 1679 tamquam
710 1594 747 1658 de
762 1614 885 1657 summo
907 1592 1024 1656 vertice
1046 1592 1165 1656 montis
1189 1591 1228 1655 ad
1251 1592 1361 1656 infima
1375 1595 1537 1660 reflecten-

334 1704 382 1764 tes
404 1700 575 1778 intuitum,
607 1698 689 1783 quod
719 1720 777 1782 pro
809 1695 990 1760 huiusmodi
1019 1695 1209 1759 illustranda
1242 1695 1371 1760 eeclesia
1403 1698 1442 1762 ad
1465 1697 1538 1763 fidei

336 1803 599 1890 propagacionem
623 1802 764 1868 conferat
786 1801 968 1877 orthodoxe,
994 1801 1077 1884 quod
1100 1802 1197 1864 statui
1223 1801 1437 1884 quorumlibet
1460 1803 1537 1868 fide-

333 1909 413 1973 lium
443 1907 626 1984 conueniat,
658 1905 884 1992 prospiciamus
915 1905 1086 1981 attentiuS,
1119 1907 1150 1966 et
1186 1903 1364 1986 qualitera
1393 1906 1537 1971 fidelibus

333 2013 409 2098 ipsis
432 2011 610 2096 profugatis
642 2008 824 2096 ignoraneie
847 2007 1002 2086 tenebris,
1034 2007 1083 2071 illi
1106 2029 1162 2092 per
1186 2008 1304 2072 donum
1326 2010 1481 2094 sapientie
1503 2011 1535 2074 in

334 2118 387 2182 uia
417 2117 638 2182 mandatorum
669 2137 705 2180 se
738 2115 829 2178 domo
859 2113 979 2178 domini
1003 2113 1184 2177 conuersari
1206 2114 1358 2192 debeant,
1390 2115 1536 2180 solertius

336 2223 551 2300 attendamuS,
588 2243 639 2285 eos
669 2222 707 2284 ad
732 2218 925 2304 querendum
947 2217 1110 2282 literarum
1134 2217 1254 2297 studia,
1284 2241 1340 2303 per
1365 2241 1425 2302 que
1448 2219 1532 2284 mili-

334 2327 432 2392 tantis
456 2327 583 2391 ecclesie
605 2324 781 2410 respublica
803 2324 934 2410 geritur,
958 2323 1058 2387 diuini
1082 2322 1219 2387 nominis
1243 2345 1279 2387 ac
1302 2324 1441 2388 eiusdem
1463 2325 1536 2389 fidei

336 2432 440 2496 cultus
463 2433 679 2517 protenditur,
714 2430 878 2512 omnisque
901 2429 1122 2514 prosperitatis
1153 2427 1290 2493 humane
1319 2428 1458 2492 conditio
1480 2450 1536 2492 au·

339 2540 441 2622 getur,
465 2540 572 2600 nostre
595 2535 803 2600 solicitudinis
827 2556 886 2618 ope
908 2534 1150 2618 apostolicisque
1166 2532 1329 2598 fauoribus
1351 2533 1537 2619 propensius

338 2643 519 2709 excitemus.

423 2745 504 2812 Sane
526 2767 583 2830 pro
607 2747 698 2829 parte
720 2744 827 2810 dilecti
850 2744 908 2810 filii
932 2743 1057 2808 Nobilis
1080 2744 1141 2807 viri
1155 2743 1330 2809 Eberhardi
1347 2742 1480 2808 Comitis
1502 2743 1537 2808 in

334 2850 569 2935 Werttemberg
598 2854 630 2913 et
659 2849 953 2934 Montispeligardi,
993 2849 1085 2914 uobis
1113 2871 1217 2932 nuper
1251 2848 1394 2914 exhibitu
1423 2848 1536 2933 petitio

333 2957 525 3034 continebat,
550 2955 639 3030 Quod
662 2956 695 3018 in
711 2953 901 3019 Ciuitatibus
918 2953 1021 3039 opidis
1044 2957 1077 3018 et
1099 2953 1176 3018 locis
1199 2975 1265 3034 suu,
1290 2976 1326 3019 ac
1348 2953 1454 3018 dilecti
1478 2953 1536 3017 filii

338 3077 464 3142 Nobilis
493 3079 552 3142 viri
573 3053 674 3143 lllrici
697 3077 795 3142 eciam
819 3071 951 3142 Comitis
973 3077 1006 3142 in
1030 3076 1266 3162 Werttemberg
1289 3081 1321 3142 et
1336 3075 1535 3160 Montispeli-

331 3183 421 3268 gardi
444 3182 611 3266 temporali
633 3183 772 3248 dominio
796 3183 964 3260 subiectis,
994 3205 1128 3267 quorum
1150 3183 1314 3248 territoria
1337 3184 1433 3267 longe
1455 3183 1535 3246 late·

333 3310 393 3372 que
414 3287 520 3372 ampla
542 3286 683 3352 existunt
716 3291 747 3352 et
772 3287 946 3352 incolarum
970 3287 1191 3366 multitudine,
1221 3310 1257 3352 ac
1279 3287 1419 3352 fructum
1443 3285 1535 3350 uber·

331 3397 397 3457 tate
420 3392 622 3469 habundant,
653 3413 716 3456 non
749 3396 796 3456 est
818 3391 926 3474 aliqua
947 3390 1138 3454 uniuersitas
1162 3389 1267 3455 Studii
1289 3389 1466 3476 generalis,
1497 3387 1537 3452 ad

335 3520 429 3582 quam
463 3499 637 3563 (licitatum
660 3496 830 3561 Terrarum
862 3496 1028 3580 opidorum
1059 3499 1092 3559 et
1121 3495 1263 3559 locorum
1294 3494 1472 3560 huiusmodi
1504 3496 1537 3558 et

337 3603 471 3666 oliorum
494 3603 789 3667 circumuicinorum
804 3602 944 3665 locorum
961 3600 1063 3665 incole
1084 3599 1227 3664 uolentes
1249 3601 1283 3663 in
1299 3600 1439 3666 scientiis
1462 3620 1536 3684 pro-

331 3708 422 3772 ficere
437 3707 476 3771 ad
491 3708 680 3772 studendum
696 3710 728 3772 et
745 3706 968 3772 addiscendum
985 3705 1146 3770 commode
1165 3727 1199 3770 se
1213 3706 1384 3771 transferre
1399 3705 1534 3768 valeant.

332 3811 482 3897 Quodque
504 3814 532 3877 si
554 3814 588 3877 in
611 3813 705 3898 opido
728 3813 905 3897 Tuwingen
928 3811 1185 3876 Constanciensis
1209 3810 1348 3888 diocesis,
1371 3809 1536 3874 Prouincie
1564 3847 1568 3854 ·

332 3915 588 4002 Maguntinensis
605 3917 687 3982 Loco
711 3917 830 4001 insigni
853 3921 885 3982 et
900 3916 1074 3981 commodis
1098 3915 1351 3981 habitacionibus
1373 3916 1477 4000 pleno,
1502 3915 1535 3978 in

333 4042 395 4103 quo
423 4022 606 4088 victualium
637 4024 780 4088 omnium
802 4024 941 4088 maxima
964 4023 1054 4108 copia
1084 4022 1234 4098 habetur,
1270 4021 1337 4086 eius
1369 4019 1536 4104 temporali

334 4124 474 4190 dominio
490 4128 641 4206 subiecto,
668 4151 766 4214 prope
782 4130 865 4213 quod
881 4129 966 4194 infra
980 4129 1057 4192 duas
1081 4129 1180 4194 dictes
1202 4127 1349 4214 uulgares
1365 4125 1375 4160 ¹
1400 4146 1464 4190 non
1487 4127 1537 4188 est

336 4245 537 4255 m..—

404 4301 415 4354 l
437 4299 469 4353 Iu
480 4300 636 4355 Eberhards
648 4301 830 4358 Landcstheil
848 4301 987 4356 befandcn
1006 4279 1063 4356 sich
1082 4301 1141 4357 also
1160 4301 1269 4356 damula
1292 4318 1344 4354 nur
1357 4298 1423 4353 zwoi
1436 4296 1536 4352 bffent

334 4386 413 4449 liobe,
433 4388 506 4441 wohl
525 4387 679 4443 stttdtische
697 4389 824 4443 Schulen.
861 4389 912 4443 llic
930 4388 990 4443 cina
1008 4387 1079 4442 wird
1098 4387 1143 4442 dio
1160 4407 1192 4440 zu
1212 4387 1304 4441 Urach
1332 4385 1406 4448 scin,
1431 4384 1536 4440 welche

332 4491 360 4528 er
383 4473 414 4528 in
442 4473 600 4532 demselben
618 4477 688 4532 Jahr
715 4477 764 4531 der
783 4475 910 4530 Aufeicht
939 4475 986 4530 des
1005 4475 1137 4545 dortigen
1154 4475 1236 4530 Stifts
1262 4472 1446 4528 unterstcllte.
1481 4472 1535 4528 Wo
