3460 5314
695 510 809 567 Statuta
829 511 905 568 1497.

486 743 542 808 De
564 740 810 806 doctoribus
834 739 1094 826 regentibus.

285 878 475 945 Ordinamus
498 883 533 944 vt
556 879 690 963 quilibet
714 878 823 942 doctor
845 877 1006 951 facultatis
1028 884 1099 943 actu
1122 880 1229 964 legens
1252 878 1392 965 Singulis

197 985 289 1049 annis
312 984 425 1050 saltem
447 985 542 1049 semel
566 983 911 1068 disputationem
933 984 1028 1047 faciat
1051 983 1179 1068 Semper
1195 986 1270 1050 duas
1286 987 1393 1071 dispu-

195 1090 293 1154 tando
324 1091 518 1174 questionem
550 1111 643 1154 unam
673 1088 842 1153 theoricam
876 1089 1007 1153 alteram
1030 1111 1103 1152 vero
1131 1091 1301 1173 practicam
1326 1089 1391 1156 Sub

195 1217 279 1280 pena
301 1195 335 1259 in
360 1195 557 1260 ordinatione
580 1197 729 1258 contenta
749 1192 832 1257 Item
856 1193 937 1277 quod
961 1193 1132 1257 scolaribus
1156 1194 1316 1278 disputare
1337 1219 1394 1261 uo·

195 1300 335 1364 lentibus
349 1305 478 1384 rogatus
493 1299 658 1384 presideat.
694 1296 733 1361 In
756 1289 968 1382 disputatione
991 1319 1114 1382 quoque
1131 1300 1264 1366 doctoris
1286 1324 1394 1367 omnes

193 1405 255 1470 alii
276 1405 437 1471 facultatis
461 1407 602 1470 doctores
625 1407 826 1486 compareant
848 1409 880 1466 et
902 1403 1060 1468 intersint.

285 1511 420 1595 Insuper
443 1512 611 1576 statuimus
642 1509 725 1593 quod
748 1508 882 1592 quilibet
912 1507 1019 1594 legens
1042 1508 1149 1573 doctor
1172 1510 1306 1596 singulis
1329 1513 1394 1596 pri-

194 1597 281 1682 'atis
302 1617 413 1681 diebus
445 1639 539 1680 vnam
569 1615 735 1681 lectionem
766 1614 800 1678 in
824 1614 916 1680 scolis
939 1614 1075 1698 publicis
1106 1614 1192 1700 legat
1215 1615 1394 1702 diligenter,

195 1721 345 1806 Exceptis
368 1722 691 1796 vacationibus,
727 1741 788 1804 que
818 1724 893 1784 sunt
914 1718 945 1783 Α
966 1718 1087 1802 vigilia
1109 1718 1139 1785 S.
1164 1719 1285 1785 Thome
1306 1720 1394 1806 Apo-

196 1827 272 1892 stoli
293 1848 390 1909 vsque
413 1826 451 1890 ad
474 1825 687 1911 Epiphaniam
712 1823 830 1887 domini
853 1823 1005 1887 inclusiue
1029 1823 1081 1887 Ab
1101 1823 1276 1889 Estomichi
1298 1847 1395 1910 usquc

196 1932 236 1996 ad
259 1929 427 1996 Inuocauit
448 1929 607 2015 Avigilia
628 1930 807 2015 palmarum
830 1951 926 2012 usque
949 1929 989 1993 ad
1011 1933 1137 1994 octauas
1158 1951 1249 2013 pasce
1272 1928 1354 1996 Item
1378 1954 1396 1995 a

196 2037 309 2122 vigilia
329 2037 548 2122 penthecostes
572 2057 668 2119 usque
691 2037 730 2100 ad
745 2035 828 2099 diem
843 2037 991 2098 octauum
1006 2033 1047 2097 Et
1065 2035 1241 2100 autumnali
1256 2039 1396 2119 tempora

200 2164 257 2226 per
286 2142 363 2206 duos
394 2143 536 2226 integros
568 2163 690 2205 menses
713 2139 834 2216 Quibus
857 2138 997 2204 Scolares
1032 2141 1203 2225 practicam
1232 2143 1336 2206 videre
1364 2145 1396 2206 et

198 2247 356 2332 simplicia
385 2247 573 2331 campestria
601 2250 679 2330 puta
709 2245 823 2310 herbas
853 2245 970 2310 radices
994 2250 1051 2310 etc.
1085 2266 1213 2328 querere
1235 2249 1267 2310 et
1288 2267 1395 2312 earum

197 2352 330 2416 uirtutes
360 2351 466 2416 studio
497 2373 650 2435 agnosere
679 2352 804 2416 debent.
849 2349 988 2435 Excepta
1020 2371 1144 2434 quoque
1166 2351 1309 2416 volumus
1331 2371 1396 2416 esse

201 2455 280 2520 festa
303 2455 439 2541 collegii,
464 2477 523 2539 que
547 2462 624 2520 suut
647 2455 765 2521 festum
788 2455 941 2520 kathedra
962 2454 993 2520 S.
1016 2454 1113 2533 Petri,
1141 2453 1295 2541 Gregorii,
1317 2453 1396 2520 Am·

204 2559 313 2636 brosii,
344 2559 567 2624 Nundinarum
598 2583 653 2644 per
689 2561 765 2625 duos
796 2561 879 2636 dies,
908 2559 1107 2626 Visitationis
1130 2559 1226 2626 Beate
1254 2559 1396 2646 virginis,

200 2664 396 2750 Jlreronymi,
415 2665 572 2750 Dijonisii,
590 2666 700 2732 Cosme
716 2671 747 2731 et
763 2666 922 2744 Damiani,
946 2665 1039 2743 Luce,
1063 2663 1284 2750 conceptionis
1300 2665 1397 2730 Beate

198 2771 332 2856 virginis
364 2769 406 2835 Et
428 2771 455 2835 si
488 2773 572 2854 quod
596 2772 681 2837 aliud
703 2772 891 2836 uniuersitas
923 2772 1048 2836 duxerit
1068 2772 1246 2836 feriandum
1269 2772 1396 2855 adjectis

198 2876 286 2941 teriis
311 2876 449 2960 quintia,
473 2877 547 2941 dum
574 2878 698 2964 integra
722 2878 818 2942 luerit
841 2878 1020 2943 ebdomada
1065 2875 1317 2961 Excusatumque
1340 2877 1396 2941 ha-

199 2981 272 3046 bere
288 2981 445 3065 phisicum
466 2985 623 3061 volumus,
647 2983 675 3046 si
697 2983 857 3047 interdurn
882 2984 921 3047 ad
937 2982 1130 3048 venerabiles
1151 2983 1234 3046 viros
1259 2986 1314 3046 aut
1328 3004 1396 3046 ma·

197 3090 309 3151 trenas
338 3086 486 3151 honestas
515 3109 609 3153 causa
638 3088 781 3153 medendi
814 3090 885 3153 ierit
919 3088 951 3154 Si
982 3094 1087 3154 tamen
1118 3089 1177 3153 hoc
1208 3088 1310 3153 rarius
1340 3091 1397 3153 fiat

198 3190 412 3274 lectionesque
444 3191 547 3256 medio
578 3197 719 3277 tempore
748 3195 906 3280 neglectas
937 3195 1151 3258 vacantiarum
1175 3200 1317 3278 tempore
1339 3217 1397 3278 pro

197 3296 292 3359 libito
314 3295 486 3362 Scolarium
509 3300 749 3383 recuperauerit.

584 3474 638 3539 De
659 3475 784 3539 libris
807 3475 1007 3561 legendis.

289 3609 464 3675 Statuimus
485 3615 637 3696 preterca,
661 3611 744 3694 quod
765 3633 881 3676 mane
911 3611 1019 3697 legens
1040 3611 1231 3677 ordinariam
1256 3613 1396 3699 primo

199 3737 307 3780 anno
330 3716 415 3802 legat
437 3717 537 3782 libros
565 3719 642 3783 artis
672 3717 739 3781 siue
768 3717 859 3803 tegni
883 3716 1055 3781 Galieni
1078 3716 1264 3783 Secundo
1287 3741 1396 3784 anno

200 3821 338 3904 primum
367 3822 485 3886 librum
515 3844 668 3888 canonum
693 3821 909 3886 Auiccnne
940 3843 1002 3906 quo
1032 3823 1071 3886 ad
1101 3823 1219 3907 primas
1244 3823 1297 3888 fen
1320 3825 1396 3904 eius,

200 3927 334 3990 tertio
365 3949 472 3992 anno
502 3926 744 4011 Amphorismos
775 3927 999 4013 Ypocritis
1032 3950 1102 3992 cum
1131 3929 1319 4012 pronosticis
1342 3935 1397 3994 aut

199 4031 375 4116 regimento
406 4036 569 4097 acutorum
602 4033 741 4098 eiusdem
763 4031 891 4116 Semper
920 4055 991 4097 cum
1021 4039 1197 4098 commento
1221 4033 1396 4100 Galieni.

199 4133 321 4221 Lageus
343 4159 416 4202 vero
439 4142 541 4222 post
563 4139 780 4203 meridiem
802 4138 940 4222 practice
962 4161 1024 4202 vno
1047 4161 1130 4204 anno
1152 4139 1238 4226 legat
1261 4147 1397 4224 primam

200 4239 254 4304 fen
278 4243 383 4325 quarti
407 4244 534 4306 canonia
558 4243 595 4308 de
617 4242 778 4323 febribus,
802 4267 872 4308 cum
896 4245 1030 4308 secunda
1052 4244 1189 4309 eiusdem
1212 4247 1249 4311 da
1271 4247 1344 4311 crisi
1366 4250 1397 4311 et

200 4346 317 4410 criticis
339 4347 456 4412 diebus.
510 4347 702 4414 Secundo
734 4371 840 4414 anno
872 4350 957 4435 legat
980 4349 1118 4416 Rasim
1150 4351 1183 4413 in
1207 4373 1290 4416 nono
1314 4352 1397 4418 libro

200 4454 240 4516 ad
263 4454 484 4519 Almansorem
508 4477 613 4541 regem
638 4477 708 4520 cum
731 4455 783 4519 fen
807 4459 920 4540 quarta
942 4456 1038 4541 primi
1060 4455 1128 4520 Aut
1142 4457 1228 4542 legat
1250 4457 1326 4522 duas
1348 4457 1397 4522 vel

96 4604 101 4616 ι
201 4565 267 4626 tres
288 4560 343 4623 fen
374 4560 462 4625 tertii
491 4560 620 4627 canonis
643 4559 867 4629 Anicennc
899 4561 1137 4647 principaliores
1168 4568 1263 4646 prout
1291 4561 1396 4628 Scola-
