3462 5320
549 501 590 554 41.
616 500 747 554 Ststuten
768 500 794 554 d.
817 499 849 554 U.
870 517 924 555 von
945 503 1019 556 1537.
1318 503 1380 566 227

186 657 320 740 captiuis
343 656 575 741 colloquantur,
598 658 661 722 nisi
684 657 834 722 facultate
849 661 881 721 et
901 657 992 722 venia
1014 657 1181 724 aReetore
1202 661 1381 744 impetrata,

185 767 240 826 aut
261 763 393 827 carceris
415 785 537 847 psensm
561 763 717 828 arbitratu
740 761 883 826 Rectoris
907 763 1092 828 sustinento.

185 935 238 1001 De
254 936 501 1003 Doctoribus
522 946 562 1002 et
583 937 893 1024 professionum
911 937 1382 1021 capitibusordiuandis

705 1064 785 1127 cap.
812 1047 860 1107 19.

271 1184 401 1250 Ordinis
424 1185 561 1249 maxima
584 1205 658 1247 cura
681 1203 747 1247 esse
769 1182 862 1247 debet
884 1181 1046 1259 uniuersis,
1070 1203 1132 1266 quo
1155 1184 1298 1268 neglecto
1319 1205 1383 1248 non

187 1291 277 1354 modo
300 1291 462 1355 commoda
478 1287 670 1373 Reipublicae
693 1288 864 1352 sedetiam
887 1288 978 1352 decus
1001 1288 1135 1352 conuelli
1156 1288 1246 1366 solet,
1268 1288 1301 1351 in
1326 1288 1384 1352 hac

187 1415 221 1456 re
243 1395 438 1479 praecipuum
460 1394 557 1458 fuerit
573 1415 661 1458 suam
678 1414 834 1477 quamque
852 1392 1074 1477 professionem
1099 1394 1286 1479 dignitatem
1309 1416 1383 1459 con·

188 1498 338 1564 ditionem
361 1499 444 1564 tueri
467 1505 499 1564 et
522 1519 642 1564 ornare.
687 1497 761 1563 Non
783 1497 947 1562 detrahere
969 1497 1006 1561 de
1028 1499 1158 1562 alterius
1180 1497 1383 1582 professionis

187 1603 271 1668 fama
294 1607 389 1687 etque
410 1603 576 1687 dignitate,
600 1604 652 1668 uel
675 1603 708 1667 in
732 1603 913 1668 uniuersum
936 1604 987 1667 uel
1010 1604 1213 1690 singillatim,
1241 1625 1381 1688 quocun-

187 1729 247 1791 que
270 1708 339 1772 loco
358 1712 413 1772 aut
445 1713 594 1792 tempore.
641 1707 730 1785 Quod
760 1709 787 1772 si
809 1729 902 1792 quem
933 1708 1043 1772 fecisse
1066 1707 1213 1772 rescitum
1236 1709 1382 1793 planum·

187 1835 247 1896 que
269 1813 388 1878 factum
411 1813 526 1893 fuerit,
550 1835 569 1878 a
591 1809 655 1876 suae
678 1813 850 1878 functionis
873 1834 1002 1878 munere
1032 1816 1064 1877 et
1086 1813 1224 1878 Consilio
1249 1813 1383 1877 Vniuer-

187 1919 292 1982 sitatis
315 1921 453 1982 remotus
476 1922 552 1995 esto,
578 1917 676 1982 donec
697 1919 843 1982 meritam
865 1940 988 2002 paenam
1011 1918 1142 1982 arbitrio
1158 1917 1383 1984 Vniuersitetis

187 2022 340 2088 inflictam
363 2023 483 2088 dederit
505 2029 537 2088 et
559 2024 638 2088 laesae
661 2028 757 2107 atque
779 2024 904 2089 offensae
926 2023 1114 2108 professioni
1136 2023 1331 2088 satisfecerit.

272 2126 496 2194 Ordinatio
519 2132 624 2192 autem
646 2128 878 2211 professionum
901 2129 974 2193 talis
998 2133 1081 2208 esto,
1112 2129 1258 2213 princeps
1281 2127 1382 2192 Theo-

185 2233 281 2318 logia,
305 2236 375 2297 tum
390 2233 501 2298 deinde
516 2231 752 2312 Juriseonsulti,
772 2255 845 2298 mox
860 2233 1024 2300 Medicinae
1041 2233 1200 2312 Doctores,
1224 2236 1384 2318 postremo

186 2339 340 2403 bonarum
363 2337 527 2402 literarum
550 2342 645 2421 utque
668 2339 785 2404 artium
808 2338 956 2424 Magistri
978 2339 1123 2404 habendi.
1168 2337 1311 2402 Primum
1333 2337 1381 2401 lo-

189 2463 256 2506 cum
287 2441 402 2508 Rector
425 2442 624 2506 Scholastica
647 2441 872 2508 Vniuersitatis
902 2466 1024 2528 semper
1054 2444 1192 2509 habebit.
1247 2441 1285 2507 In
1316 2443 1382 2506 sin-

189 2547 270 2633 gulis
292 2548 541 2632 professionibus
556 2546 675 2611 Decani
691 2547 827 2612 illarum.
873 2547 939 2612 Hos
954 2553 1128 2633 sequuntur
1142 2548 1304 2626 Doctores,
1326 2547 1383 2612 hos

189 2653 282 2716 etium
313 2653 368 2735 qui
398 2652 552 2717 licentiati
575 2657 736 2718 uocantur.
782 2651 944 2718 Decannm
975 2655 1070 2740 studij
1094 2654 1212 2720 artium
1234 2651 1381 2738 Magistri

187 2759 281 2841 studij
304 2758 390 2822 itlius
412 2759 521 2822 ordine
542 2758 781 2843 subsequentur.
827 2759 875 2824 De
903 2761 1076 2846 professore
1105 2782 1180 2824 uero
1207 2758 1382 2823 Mathema·
1473 2785 1478 2795 ’

187 2866 255 2926 turn
278 2867 309 2926 et
332 2863 569 2947 interpraetibus
598 2864 782 2948 linguarum
811 2865 958 2930 iuditium
991 2887 1114 2949 quoque
1136 2870 1277 2948 tempore
1300 2861 1382 2928 Vni·

188 2968 346 3032 uersitetis
368 2974 415 3032 est
437 2968 590 3047 futurum,
613 2992 683 3053 quae
697 2970 821 3035 curabit
836 2974 873 3034 ut
896 2971 958 3034 illis
973 2992 1031 3055 pro
1054 2971 1204 3054 cuiusque
1227 2968 1383 3054 dignitate
1458 2971 1466 2986 '

192 3077 223 3134 et
244 3073 428 3154 praestantia
452 3075 640 3140 conueniens
663 3077 749 3141 locus
772 3077 960 3161 assignetur.

186 3246 239 3310 De
261 3251 510 3332 petentibus
533 3251 675 3335 recipi
706 3251 749 3315 in
773 3252 836 3314 ius
860 3250 1135 3316 scholastice
1157 3246 1382 3313 Vniuersi-

638 3357 743 3420 tatis
769 3378 851 3440 cap.
877 3359 927 3420 20.
1280 3362 1284 3369 '

274 3496 334 3572 Qui
356 3497 465 3561 aiibi
487 3497 669 3562 honores
692 3498 937 3582 consequuti
959 3497 1046 3562 fuere
1063 3501 1094 3560 et
1111 3494 1260 3579 coniungi
1276 3493 1381 3558 nobis-

187 3624 257 3666 cnm
287 3603 321 3666 in
352 3603 410 3666 hac
444 3601 658 3668 Vniuersitate
690 3603 883 3668 Scholastica
915 3602 1168 3686 concupiuerint,
1200 3601 1298 3684 recipi
1327 3622 1379 3664 eos

188 3713 313 3792 oportet
335 3709 368 3772 in
392 3731 558 3772 numerum
579 3709 692 3774 saltem
707 3708 996 3794 Doctorumatque
1020 3709 1246 3774 honoratorum
1268 3705 1379 3789 singu-

190 3814 289 3877 larum
312 3812 556 3897 professionum,
578 3815 753 3880 obseruatis
776 3817 808 3880 in
832 3839 896 3880 uua
919 3838 1042 3899 quaque
1064 3812 1257 3899 professione
1279 3812 1382 3876 solen-

189 3920 281 3984 nibus
311 3919 559 4003 disputationum
593 3925 625 3984 ct
655 3921 814 3985 doetrinae.
860 3920 1006 4004 Receptis
1037 3921 1140 3982 autem
1166 3917 1204 3981 de
1225 3915 1382 3980 sententia

188 4047 251 4088 sure
274 4025 422 4108 cuiusque
438 4023 640 4109 professionis
664 4025 785 4109 consilij
810 4026 895 4090 locus
911 4025 1065 4110 assignari
1081 4022 1215 4088 debebit.
1262 4021 1294 4086 si
1318 4043 1380 4084 non

188 4129 253 4194 sint
275 4130 401 4212 recepti,
424 4129 508 4194 inter
530 4130 698 4214 discipulos
718 4129 923 4216 professionis
947 4129 1079 4214 quisquc
1102 4149 1165 4192 suae
1187 4133 1336 4193 censetor.

187 4302 573 4388 DeHospitibuset
595 4305 808 4391 dignitate
831 4328 876 4370 ac
899 4303 1137 4369 nobilitate
1161 4303 1262 4387 elijs
1286 4323 1381 4387 prae-

584 4411 802 4475 stantibus
826 4433 908 4495 cap.
933 4413 983 4473 21.
1039 4407 1041 4414 ’

274 4545 478 4631 Hospites
500 4552 532 4612 et
554 4549 675 4612 externi
698 4571 735 4615 ex
759 4549 890 4614 aduerso
913 4548 1057 4614 Rectoris
1081 4553 1112 4612 et
1135 4547 1282 4634 Cupitum
1299 4547 1380 4613 Vni-

1123 4653 1175 4707 15*
