3442 5314
346 458 388 522 62
696 453 721 507 8.
738 451 872 506 Statnten
890 465 953 505 vem
972 450 997 505 9.
1017 449 1081 506 ost
1102 451 1179 506 1477.

344 613 546 678 locandorum
578 633 598 676 a
629 609 756 676 domino
789 608 923 673 Rectore
960 612 993 672 et
1029 608 1155 673 decanis
1188 611 1324 692 quatuor
1357 607 1547 674 facultatum

343 721 441 802 petat,
465 717 637 782 secundum
661 715 745 799 qnod
767 713 911 798 singulas
926 733 1076 796 personas
1091 712 1240 778 locandas
1256 713 1360 778 locare
1376 712 1420 777 sit
1436 713 1549 778 astric-

344 829 395 886 tus
419 819 483 886 Sub
514 842 597 905 pena
618 819 797 885 amissionis
819 816 1027 896 emolimenti,
1051 818 1135 902 quod
1150 839 1188 882 ex
1204 817 1360 884 locatione
1376 817 1550 884 dinoscitur

343 927 497 992 obtinere.

431 1029 578 1114 Amplius
608 1027 776 1094 statuimus
806 1032 838 1091 et
860 1027 1061 1104 ordinamus,
1097 1026 1185 1111 qaod
1204 1027 1246 1094 de
1264 1031 1368 1094 cetero
1391 1029 1435 1093 in
1457 1050 1550 1113 pro-

344 1135 609 1202 cessionibus
631 1133 757 1198 nullum
779 1131 959 1198 Membrum
979 1131 1197 1198 uniuersitatis
1219 1132 1323 1197 locum
1346 1132 1463 1198 babeat
1486 1133 1549 1198 im·

344 1241 517 1306 mediatum
540 1239 624 1304 inter
647 1238 814 1304 Rectorem
842 1241 875 1301 et
903 1240 978 1302 aute
1001 1237 1152 1302 decanum
1176 1237 1338 1304 facultatis
1361 1238 1548 1324 theologice,

343 1347 406 1410 nisi
437 1345 482 1410 sit
503 1342 678 1429 Episcopus
701 1340 810 1406 Abbas
843 1339 915 1404 Dux
947 1341 1057 1406 Comes
1089 1340 1172 1406 Baro
1202 1343 1252 1408 rel
1279 1343 1459 1428 prepositus
1492 1347 1549 1408 aut

344 1452 478 1518 damnus
508 1448 636 1514 ecclesie
669 1445 902 1529 Metropolitioe
933 1445 983 1510 vel
1014 1443 1226 1510 Cancellarius
1257 1447 1351 1512 huius
1386 1447 1545 1512 uniuersi·

345 1555 430 1620 tatis.
476 1551 635 1637 Propositi
657 1570 730 1614 vero
746 1553 802 1614 aut
816 1549 926 1614 decani
949 1550 1083 1614 aliarum
1098 1550 1299 1616 ecclesiarum
1314 1551 1548 1616 kathedralium

346 1661 449 1724 locum
484 1657 624 1722 habeant
654 1655 738 1720 inter
767 1653 919 1720 Doctores
949 1676 1035 1720 sacre
1067 1654 1226 1740 theologie
1256 1656 1301 1720 ita
1330 1659 1437 1721 tamen
1468 1656 1551 1740 quod

345 1765 453 1829 nullus
487 1785 595 1828 eorum
625 1761 743 1826 decano
773 1760 912 1825 eiusdem
941 1759 1100 1824 facultatis
1130 1759 1309 1846 preferatur
1340 1758 1400 1824 Sed
1432 1759 1551 1845 singuli

345 1867 480 1954 singulis
503 1865 693 1931 Doctoribus
724 1864 862 1930 eiusdem
891 1863 1052 1928 facultatis
1084 1863 1125 1946 (si
1147 1863 1266 1929 maturi
1299 1863 1359 1930 viri
1386 1863 1551 1928 extiterint

344 1978 377 2038 et
400 1974 438 2038 de
461 1993 596 2056 quorum
620 1970 742 2035 meritis
764 1969 901 2034 multum
925 1971 1056 2048 constet,
1079 1971 1174 2054 atque
1196 1969 1358 2034 solennem
1373 1973 1493 2036 statum
1517 1968 1550 2033 in

348 2078 411 2144 ista
433 2077 641 2142 uniuersitate
671 2074 711 2138 ad
741 2074 847 2138 miuus
879 2095 951 2138 cum
974 2094 1035 2139 vno
1058 2073 1178 2140 famulo
1205 2075 1348 2160 teneant)
1379 2073 1547 2138 socientur.

346 2181 407 2248 Sed
430 2181 583 2267 prepositi
613 2183 646 2246 et
677 2179 787 2244 decani
818 2178 973 2244 maiorum
996 2183 1028 2244 et
1050 2179 1241 2245 notabilium
1261 2177 1460 2244 ecclesiarum
1483 2179 1548 2244 col-

345 2286 535 2372 legiatarum
569 2287 601 2350 et
633 2282 776 2350 canonici
811 2283 937 2348 ecclesie
965 2284 1197 2368 metropolitica
1226 2283 1387 2348 solennem
1421 2288 1550 2361 statum,

345 2396 381 2456 rt
403 2391 590 2478 premissum
613 2393 670 2466 est,
695 2391 848 2466 mnentes,
872 2391 946 2472 post
967 2389 1121 2453 decanum
1143 2387 1304 2454 facultatis
1326 2387 1456 2454 iuridioe
1479 2410 1551 2454 cum

346 2495 537 2560 Doctoribus
568 2493 707 2558 eiusdem
742 2492 904 2558 facultatis
936 2492 1041 2557 debito
1071 2497 1197 2558 seruato
1238 2494 1348 2558 ordine
1378 2493 1550 2578 procedant

347 2598 451 2666 Ceteri
481 2619 554 2664 vero
583 2597 698 2682 prelati
729 2597 888 2663 minorum
921 2597 1121 2664 ecclesiarum
1151 2598 1246 2663 etiam
1280 2598 1308 2662 si
1338 2598 1371 2663 in
1402 2601 1487 2662 statu
1518 2620 1550 2663 se

349 2703 507 2788 prioribus
529 2702 648 2767 vellent
670 2702 884 2782 conformare,
916 2702 1080 2788 Magistris
1103 2703 1265 2768 facultatis
1294 2704 1412 2768 artium
1445 2703 1551 2768 debite

348 2809 523 2893 iungantur
545 2805 597 2872 Sic
618 2809 727 2870 tamen
749 2805 832 2890 quod
857 2807 1009 2872 decanum
1042 2807 1182 2872 eiusdem
1203 2807 1365 2873 facultatis
1387 2829 1452 2874 non
1476 2831 1549 2893 pre-

347 2913 470 2978 cedant.
515 2910 647 2978 Nobiles
676 2915 782 2976 autem
812 2911 970 2994 simplices
1001 2911 1047 2977 vel
1071 2912 1226 2977 militares
1248 2916 1304 2976 aut
1326 2911 1468 2978 canonici
1491 2913 1545 2978 alii

346 3041 365 3082 a
388 3016 550 3102 premissis
581 3015 684 3080 locum
709 3015 927 3080 immediatum
957 3021 1030 3100 post
1052 3017 1170 3081 artium
1193 3017 1365 3102 Magistros
1388 3022 1551 3082 assumant

346 3121 468 3197 Quibus
492 3120 591 3186 trium
613 3120 811 3206 superiorum
844 3120 1032 3186 facultatum
1058 3122 1275 3188 baccalaureos
1297 3122 1441 3188 volumus
1464 3145 1550 3188 asso-

350 3226 436 3292 ciari.
485 3223 527 3289 Et
549 3229 584 3290 vt
606 3225 762 3304 cotentius
785 3225 838 3290 hic
859 3226 936 3291 ordo
959 3230 1121 3305 sensatur,
1154 3227 1297 3292 volumus
1319 3233 1352 3293 et
1373 3229 1550 3306 statuimus,

346 3331 434 3416 quod
457 3331 563 3396 nullus
586 3331 619 3396 in
641 3331 894 3416 processionibus
917 3337 974 3397 ant
996 3333 1185 3398 stationibus
1201 3333 1417 3422 uniuersitatis
1441 3356 1551 3417 quem-

345 3435 432 3520 piam
462 3437 502 3500 ad
532 3435 636 3501 locum
665 3436 727 3500 sibi
757 3459 821 3501 non
852 3439 1081 3523 competentem
1110 3437 1217 3502 trabat
1247 3443 1336 3503 vocet
1366 3438 1416 3503 vel
1439 3441 1551 3524 quouis

346 3540 440 3605 modo
463 3541 643 3606 introducat
676 3540 741 3604 Sub
771 3563 853 3626 pena
884 3563 938 3606 sex
960 3542 1131 3607 solidorum
1166 3542 1356 3608 hallensium
1378 3543 1453 3608 fisco
1476 3546 1550 3610 vni·

346 3645 507 3710 uersitatis
530 3643 791 3710 irremissibiliter
823 3646 1101 3730 applicandorum,
1133 3669 1211 3730 quos
1235 3648 1339 3732 quiuis
1361 3648 1421 3713 sub
1444 3648 1551 3714 debito

344 3749 472 3834 prestiti
502 3748 671 3814 iuramenti
695 3750 780 3816 infra
802 3761 961 3830 octauam,
986 3752 1061 3816 dum
1083 3773 1117 3816 se
1145 3754 1345 3818 excedentem
1368 3753 1550 3820 discusserit

344 3853 472 3920 Rcctori
494 3859 675 3938 presentare
691 3860 817 3922 tenetur
827 3856 909 3922 Dolo
932 3861 965 3921 et
984 3855 1094 3922 froude
1110 3857 1144 3920 in
1168 3855 1229 3920 biis
1251 3857 1379 3924 semotis
1403 3860 1437 3921 et
1457 3880 1550 3941 pror·

345 3981 397 4024 sus
419 3960 673 4045 circumscriptis.

432 4063 607 4130 Statuimus
630 4069 774 4150 preterea
789 4069 821 4130 et
836 4067 1029 4146 ordinamus,
1052 4071 1089 4131 vt
1103 4066 1136 4130 in
1158 4066 1419 4133 lectionibus
1442 4068 1550 4134 crdi-

345 4170 484 4234 nariis
509 4170 543 4234 iu
566 4170 680 4256 primis
704 4169 829 4236 banccis
852 4171 960 4236 nullus
982 4171 1151 4236 scolarium
1173 4192 1206 4236 se
1220 4171 1351 4236 collocet
1374 4171 1435 4237 nisi
1458 4178 1550 4238 nota-

343 4273 418 4338 bilis
441 4278 497 4340 aut
518 4274 660 4359 prelatus
684 4276 845 4341 decentem
868 4280 901 4341 et
922 4277 1122 4342 scolasticum
1146 4279 1258 4340 tenens
1282 4280 1410 4340 statum.

432 4377 514 4444 Item
546 4381 653 4446 nullus
689 4380 861 4446 Doctorum
899 4383 949 4448 vel
984 4381 1212 4468 Magistrorum
1244 4386 1406 4466 presumat
1440 4386 1551 4448 contra

344 4483 559 4550 ordinationes
589 4490 621 4552 et
650 4485 798 4554 honestas
831 4488 1073 4555 consuetudines
1102 4489 1136 4554 in
1167 4489 1374 4555 uniuersitate
1399 4488 1551 4554 hactcnm
