3504 5322
348 497 411 566 400
810 489 941 546 Facultas
959 489 1080 547 Artium.

347 656 488 725 omnium
517 653 550 716 in
574 650 693 715 Album
716 649 943 717 Vniuersitatis
971 652 1065 717 huius
1095 653 1186 718 scolae
1214 653 1402 741 inscriptum
1426 677 1542 720 nomen

348 769 423 830 esto.
468 759 544 824 Mox
574 757 667 822 fidem
702 755 799 822 facito
821 757 1063 824 Baccalaureum
1098 759 1174 824 alibi
1205 763 1260 824 aut
1291 759 1481 846 Magistrum
1511 781 1543 824 se

347 870 464 934 factum
488 886 562 930 esse.
608 861 635 926 T
638 883 691 926 um
707 861 819 928 deinde
840 864 941 948 petito
964 865 1033 928 iura
1048 864 1219 930 scolasticae
1234 871 1350 932 nostrat
1366 865 1541 952 dignitatis,

348 975 455 1058 itaque
485 972 609 1037 demum
640 968 804 1053 impetret,
835 969 861 1032 si
894 971 928 1033 in
959 969 1025 1035 haec
1047 969 1134 1055 prius
1157 969 1325 1035 iurauerit:

435 1079 510 1143 Esse
526 1075 602 1140 alibi
617 1073 761 1152 honores,
786 1095 919 1158 quorum
935 1075 983 1140 ius
1001 1075 1036 1139 in
1058 1074 1117 1140 hac
1139 1073 1244 1140 schola
1265 1078 1364 1160 petat,
1386 1097 1419 1139 se
1434 1097 1543 1140 conse·

348 1191 465 1253 cutum.
504 1182 594 1248 Velle
610 1201 667 1265 pro
683 1179 770 1244 uirili
787 1178 1052 1245 communitatem
1068 1180 1166 1244 studii
1181 1180 1298 1245 artium
1320 1181 1403 1245 tueri
1417 1201 1454 1246 ac
1469 1201 1543 1245 con-

348 1312 487 1369 seruare,
518 1287 618 1355 colere
640 1282 802 1349 Decanum
824 1290 855 1349 et
877 1286 1032 1371 dignitate
1055 1290 1087 1350 et
1109 1289 1201 1350 aetate
1223 1289 1427 1370 praestandae,
1457 1285 1545 1351 omni

349 1398 470 1464 ratione
493 1415 529 1458 ac
550 1398 691 1475 tempore
712 1391 875 1456 commoda
905 1389 998 1456 huius
1027 1391 1123 1456 studii
1154 1413 1286 1478 augere,
1318 1391 1441 1457 Decano
1464 1392 1544 1477 legi·

348 1507 425 1570 time
450 1497 620 1567 accersenti
643 1500 757 1582 praesto
780 1518 853 1561 esse.

436 1607 483 1672 De
515 1603 714 1670 ordinatione
744 1623 825 1666 curae
856 1601 917 1666 erit
939 1602 1078 1668 Consilio
1110 1603 1207 1667 studii
1229 1602 1337 1680 huius,
1370 1605 1488 1686 quain
1511 1625 1545 1668 rc

251 1739 256 1749 ·
347 1713 548 1802 potissimum
570 1713 646 1774 aetas
669 1723 705 1773 ac
728 1707 862 1772 eruditio
877 1707 929 1772 uel
944 1708 1040 1772 ctiam
1056 1707 1196 1794 dignitas
1211 1708 1406 1792 spectabitur
1428 1709 1544 1794 recepti

349 1824 383 1886 in
406 1815 599 1885 consortium
621 1815 777 1878 honorum
799 1816 989 1878 nostrorum.

436 1923 470 1989 si
500 1920 575 2005 quid
598 1918 807 1983 Baoealaureo
841 1917 970 1982 alterius
1001 1915 1115 1982 scholae
1137 1916 1314 1996 obstiterit,
1338 1940 1408 2001 quo
1439 1919 1544 1984 minus

350 2031 509 2118 profectus
532 2025 594 2089 huc
608 2023 705 2108 recipi
727 2026 840 2108 posset,
865 2027 971 2108 petere
993 2025 1098 2086 tamen
1120 2023 1318 2108 magistrales
1341 2023 1475 2089 honores
1497 2025 1546 2091 illi

349 2139 399 2202 ius
421 2135 530 2218 fasque
552 2133 637 2209 esto,
669 2128 723 2192 sed
756 2151 820 2194 non
843 2129 1021 2193 admittitor
1043 2133 1150 2194 tamen
1181 2130 1220 2194 ad
1249 2129 1337 2210 illos,
1368 2131 1430 2195 nisi
1453 2151 1545 2196 causa

348 2238 485 2330 cognita.

438 2346 489 2411 Ab
512 2344 569 2421 iis,
603 2343 657 2427 qui
680 2339 870 2424 recipientur
902 2339 935 2404 in
960 2345 1141 2406 nostrorum
1164 2339 1319 2404 honorum
1342 2339 1539 2417 consortium,

350 2454 376 2520 si
399 2447 600 2517 Baccalaurei
622 2448 726 2524 erunt,
750 2445 888 2531 exigitor
909 2445 1015 2510 florini
1038 2444 1219 2523 dimidium,
1251 2445 1278 2508 si
1300 2445 1464 2532 Magistri,
1486 2445 1542 2509 sso-

351 2562 440 2624 rinus
462 2576 553 2620 unus
599 2552 821 2637 inscriptionis
843 2573 918 2617 uero
941 2553 1070 2618 nomine
1084 2553 1201 2638 pendet
1216 2551 1370 2638 Magister
1393 2553 1545 2618 cruciatos

349 2663 441 2740 VIII,
463 2643 688 2725 baccalaureus
711 2655 766 2722 IV.

436 2766 504 2832 Nec
525 2764 702 2831 admittitor
724 2763 787 2826 nisi
811 2762 936 2847 publico
960 2763 1130 2847 specImine
1152 2763 1234 2827 dato.

436 2871 680 2955 Diplomatc
712 2867 812 2932 sicui
834 2889 909 2939 usus
930 2867 1043 2947 fuerit,
1076 2867 1180 2932 soluat
1202 2889 1259 2952 pro
1281 2867 1443 2932 chartaceo
1467 2885 1539 2928 cru-

350 2981 447 3046 ciatos
463 2975 509 3042 IV
525 2975 659 3054 Decanq
684 2973 765 3038 side
787 2973 980 3038 membranis
1004 2973 1113 3038 confici
1135 2973 1271 3056 petierit,
1295 2971 1426 3055 duplum
1449 2969 1541 3034 item-

350 3107 410 3170 que
433 3082 559 3148 Decano
582 3084 613 3145 et
637 3079 823 3145 consiliariis
846 3084 919 3144 tres,

437 3186 487 3255 Ne
510 3187 585 3272 qnid
609 3191 714 3252 autem
737 3185 918 3270 diplomatis
941 3183 1144 3250 literarumne
1170 3183 1367 3268 publicarum
1390 3183 1544 3269 signator,

350 3297 413 3362 nisi
435 3297 473 3360 de
495 3291 651 3359 sententia
674 3291 834 3356 communi
856 3289 988 3354 Consilii
1010 3289 1109 3354 studii
1130 3289 1284 3354 bonarum
1310 3287 1429 3352 artium
1451 3285 1543 3352 scolae

350 3403 453 3467 huius.

352 3625 415 3694 De
438 3626 607 3718 publico
630 3625 828 3690 ministro
850 3624 976 3689 huius
998 3623 1133 3687 studii
1156 3625 1196 3686 et
1218 3621 1359 3686 scriba
1382 3617 1542 3686 seuNo-

386 3735 501 3799 tario
523 3738 562 3797 et
585 3735 781 3796 curatore
804 3751 945 3796 mensae
968 3727 1286 3794 contubernalis
1309 3725 1382 3810 Cap.
1405 3723 1510 3790 XVII.

444 3925 587 3992 Ministri
628 3923 748 4011 publici
781 3946 896 3988 munus
930 3923 1069 3988 officium
1103 3921 1268 4007 promissio
1301 3920 1439 4002 itemque
1472 3940 1547 3983 usus

350 4034 459 4102 scribae
483 4037 515 4098 et
536 4031 705 4097 conuentio
728 4052 798 4095 cum
827 4029 1005 4115 praepositis
1034 4028 1105 4094 cibo
1127 4049 1162 4093 ac
1185 4031 1262 4112 potu
1286 4025 1422 4091 curando
1445 4047 1481 4089 ea
1503 4025 1547 4089 sit

349 4164 447 4226 eaque
469 4143 628 4217 seruetur,
661 4159 730 4221 quaa
760 4137 797 4201 de
828 4158 915 4201 more
937 4137 1033 4215 solet,
1065 4135 1273 4220 congruenter
1303 4133 1409 4196 tamen
1432 4130 1545 4195 horum

349 4252 529 4331 temporum
551 4243 668 4309 rationi
690 4265 725 4307 ac
748 4243 957 4328 praesentibus
980 4241 1130 4307 moribus.

437 4351 484 4416 Ac
508 4349 657 4416 seribae
673 4349 798 4432 quidem
821 4348 1103 4430 ministrique
1125 4344 1288 4430 publici
1309 4341 1424 4423 officia,
1446 4352 1483 4407 ut
1505 4339 1545 4407 ab

350 4458 483 4544 antiquo
504 4455 601 4534 fuere,
625 4454 785 4520 hodiernae
807 4453 1026 4518 consuetudini
1049 4450 1376 4518 accommodabuntur.

436 4561 484 4626 Dc
506 4560 750 4647 praepositis
783 4581 857 4626 uero
879 4559 943 4624 illis
974 4579 1042 4643 quae
1064 4557 1236 4623 rectissime
1259 4575 1383 4639 quoque
1405 4556 1545 4635 tempore
