3462 5320
591 475 705 532 Zusttae
723 494 757 532 au
775 477 830 532 den
849 477 989 534 statuten.
1325 481 1389 546 261

188 638 305 704 mentis
334 659 392 722 pro
423 641 554 721 utraque
582 640 681 721 parte.
728 635 797 713 Qua
828 659 884 723 per
914 637 1154 722 vesperiandum
1181 637 1391 705 determinata

187 743 339 828 magister
369 763 550 827 proponens
584 743 781 826 questionem
816 747 930 828 arguat
954 747 1067 809 contra
1088 745 1172 810 diota
1200 743 1324 828 aliqua,
1359 747 1391 810 et

187 853 299 934 postea
320 870 454 932 sequens
477 849 630 934 magister
659 852 770 915 contra
792 849 863 913 alia.
909 848 969 914 hoc
1000 848 1086 915 facto
1111 851 1169 914 fiat
1190 849 1390 914 commenda·

187 953 236 1020 oio
259 974 315 1038 per
338 951 494 1037 vesperias
517 955 686 1018 tenentem.

702 1125 747 1192 In
772 1127 876 1192 aula.

276 1264 385 1331 Primo
407 1265 612 1330 solandus
632 1265 739 1330 flectet
762 1287 866 1351 genua
888 1270 920 1330 et
953 1265 1035 1331 iuret
1058 1269 1267 1333 reverentiam
1288 1267 1391 1353 magi-

192 1376 331 1437 strorum
362 1374 394 1434 et
422 1370 505 1454 quod
537 1370 629 1435 fidele
658 1370 876 1435 testimonium
911 1370 1076 1455 perhibeat
1098 1371 1136 1437 de
1159 1373 1390 1456 promouendis.

189 1476 341 1560 Tuncque
364 1473 516 1560 magister
537 1495 611 1538 suus
634 1475 783 1559 imposito
806 1475 868 1539 sihi
890 1475 1010 1540 birreto
1031 1475 1130 1541 dicat:
1163 1478 1333 1558 incipiatis
1355 1478 1392 1540 in

188 1583 314 1648 nomine
332 1583 446 1663 patris
467 1585 497 1645 ct
516 1579 582 1661 filii
605 1586 634 1645 et
663 1582 804 1660 spiritus
827 1581 941 1645 sancti.
987 1579 1029 1644 ht
1060 1580 1170 1645 statim
1200 1601 1301 1644 nouus
1325 1601 1391 1643 ma·

189 1687 289 1772 gister
318 1684 660 1751 recommendationem
682 1684 779 1749 {aciat
801 1705 888 1748 sacre
911 1684 1074 1769 scripture.
1120 1683 1188 1760 Qua
1218 1685 1311 1748 finita
1333 1683 1391 1748 ali-

189 1792 260 1875 quis
295 1791 446 1877 magister
476 1791 510 1854 in
541 1789 663 1853 artibus
687 1790 844 1872 proponat
873 1787 1071 1870 questionem
1099 1810 1171 1853 eum
1197 1787 1393 1873 argumentis

192 1896 415 1981 disputandam
437 1917 494 1981 per
509 1915 627 1959 nouum
649 1893 850 1978 magistrum,
874 1891 912 1956 ad
937 1915 1032 1976 quum
1053 1915 1133 1958 vnus
1155 1893 1193 1958 de
1216 1892 1393 1958 senioribus

187 2000 392 2066 baccalauriis
427 2000 633 2084 respondeat,
665 1998 717 2064 cui
749 2002 781 2064 et
803 2000 956 2084 magister
979 2021 1080 2065 nouus
1104 2004 1234 2086 arguat,
1266 2002 1394 2084 etpost

190 2127 262 2170 eum
289 2105 440 2191 magister
464 2106 519 2189 qui
542 2103 696 2170 birretum
727 2104 886 2188 imposuit.
932 2104 1009 2170 Post
1038 2105 1097 2170 hoc
1120 2110 1230 2190 surgat
1252 2126 1332 2170 snus
1355 2104 1393 2168 de

189 2210 368 2276 senioribus
392 2209 555 2295 magistris
570 2210 776 2296 proponendo
792 2210 989 2294 questionem
1011 2233 1106 2276 unam
1128 2233 1201 2276 cum
1222 2231 1391 2296 argumen-

188 2315 231 2380 tis
257 2314 423 2392 hincinde,
455 2315 612 2398 adquam
641 2315 830 2400 respondeat
858 2337 937 2380 vnns
966 2316 1004 2379 de
1025 2314 1188 2400 magistris
1210 2337 1266 2400 per
1287 2317 1392 2378 totrrm

187 2420 316 2498 stando,
348 2419 399 2485 cui
433 2419 625 2502 aliquotiens
657 2421 836 2505 replicetur.
882 2421 960 2485 Post
987 2420 1047 2485 hoc
1068 2419 1149 2485 alius
1172 2420 1210 2484 de
1233 2418 1393 2506 magistris

187 2547 244 2609 per
265 2528 370 2590 toturn
398 2524 521 2600 stando,
545 2525 595 2590 cui
618 2524 807 2609 aliquotiens
831 2525 1011 2610 replicetur.
1064 2523 1142 2588 Post
1170 2523 1230 2589 hoo
1252 2524 1393 2589 aliosde

190 2629 352 2715 magistris
376 2651 431 2713 per
453 2629 648 2694 contrarium
671 2635 781 2695 contra
797 2631 927 2695 eandem
945 2631 1143 2714 questionem
1157 2634 1190 2694 et
1212 2630 1305 2695 aliter
1328 2633 1392 2694 ter-

188 2736 292 2800 minos
322 2735 506 2819 exponendo
536 2738 650 2820 arguet
673 2735 712 2800 ad
735 2739 862 2821 partes,
892 2737 943 2800 cui
973 2735 1054 2801 alius
1075 2735 1264 2822 respondeat
1287 2735 1393 2817 aliquo

189 2841 283 2906 modo
305 2841 484 2924 oppositum
507 2839 643 2905 tenendo
666 2839 714 2904 illi
735 2840 898 2926 magistro,
922 2839 977 2924 qui
993 2841 1079 2924 prius
1102 2840 1141 2905 ad
1164 2839 1294 2905 eandem
1316 2861 1393 2923 que-

189 2945 326 3010 stionem
359 2944 538 3028 respondit,
573 2945 624 3010 eui
657 2967 837 3031 proponens
869 2949 980 3030 postea
1011 2967 1069 3032 per
1099 2946 1221 3030 aliquas
1255 2945 1393 3010 rationes

189 3055 314 3137 arguet.

261 3222 473 3286 Statutenbuch,
493 3221 576 3277 Univ.
595 3222 698 3277 Archiv
718 3223 779 3288 XII,
798 3225 839 3278 21.
876 3223 955 3294 Perg.
975 3223 1033 3277 und
1052 3222 1098 3286 VI,
1119 3224 1152 3277 17
1171 3221 1251 3291 Perg.
1272 3251 1304 3260 -
1326 3220 1394 3275 Uni-

190 3310 319 3366 versitati
346 3309 462 3365 halensi
486 3311 671 3381 gratulantur
696 3313 748 3366 etc.
793 3310 930 3381 Tubingae
952 3312 1016 3366 1867
1042 3309 1082 3380 [Ο.
1102 3307 1297 3378 Weiasltekar1.
1323 3307 1349 3362 S.
1370 3309 1392 3362 l.

189 3397 334 3454 Eiseulohr
353 3400 412 3453 373.

767 3631 815 3702 II.

517 3823 674 3898 Zusatze
703 3823 846 3896 auden
875 3821 1066 3896 Statuten.

275 4015 456 4097 Sequuntur
480 4015 612 4101 quedam
635 4016 698 4081 alia
713 4013 916 4097 superaddite
931 4015 1053 4078 statuta
1075 4035 1132 4097 per
1150 4011 1389 4078 uniuersitatem

190 4121 376 4205 approbata.

191 4263 194 4270 ·
279 4225 440 4290 Conclusit
462 4231 571 4290 nostra
586 4227 718 4290 facultas
734 4223 920 4310 theologica,
947 4221 1029 4306 quod
1047 4222 1152 4305 quiuis
1176 4223 1210 4285 in
1233 4221 1393 4303 theologia

189 4331 351 4396 licentiam
375 4330 528 4414 recipiens
551 4351 690 4394 seorsum
713 4329 844 4415 pedellis
869 4350 968 4392 vnum
990 4327 1144 4392 florenum
1167 4327 1297 4405 tribuat,
1321 4347 1393 4391 cum

190 4437 250 4502 hoo
273 4439 377 4501 nutem
400 4434 539 4521 insignia
568 4434 721 4518 recipiens
745 4438 809 4499 tres
841 4434 978 4498 florenos
1000 4432 1132 4518 pedellis
1155 4432 1207 4496 det
1230 4432 1393 4516 nequead

191 4539 268 4626 quid
291 4539 376 4605 uliud
398 4539 537 4605 dandum
559 4543 712 4606 teneatur.
