<?xml version="1.0" encoding="UTF-8"?>
<!DOCTYPE html PUBLIC "-//W3C//DTD XHTML 1.0 Transitional//EN"
    "http://www.w3.org/TR/xhtml1/DTD/xhtml1-transitional.dtd">
<html xmlns="http://www.w3.org/1999/xhtml" xml:lang="en" lang="en">
 <head>
  <title>
</title>
<meta http-equiv="Content-Type" content="text/html;charset=utf-8" />
  <meta name='ocr-system' content='tesseract 3.04.00' />
  <meta name='ocr-capabilities' content='ocr_page ocr_carea ocr_par ocr_line ocrx_word'/>
</head>
<body>
  <div class='ocr_page' id='page_1' title='image "./urkundenzurgesc00tbgoog_0336.png"; bbox 0 0 3460 5314; ppageno 0'>
   <div class='ocr_carea' id='block_1_1' title="bbox 363 1073 1564 1355">
    <p class='ocr_par' dir='ltr' id='par_1_1' title="bbox 363 1073 1564 1355">
     <span class='ocr_line' id='line_1_1' title="bbox 946 1073 974 1148; baseline 0.071 -2"><span class='ocrx_word' id='word_1_1' title='bbox 946 1073 974 1148; x_wconf 90' lang='lat' dir='ltr'><strong>l.</strong></span> 
     </span>
     <span class='ocr_line' id='line_1_2' title="bbox 363 1266 1564 1355; baseline -0.003 -14"><span class='ocrx_word' id='word_1_2' title='bbox 363 1267 407 1341; x_wconf 86' lang='grc' dir='ltr'><strong>Α.</strong></span> <span class='ocrx_word' id='word_1_3' title='bbox 438 1267 658 1342; x_wconf 71' lang='lat' dir='ltr'><strong>ararum</strong></span> <span class='ocrx_word' id='word_1_4' title='bbox 685 1266 982 1340; x_wconf 69' lang='lat' dir='ltr'><strong>anonumum</strong></span> <span class='ocrx_word' id='word_1_5' title='bbox 1010 1266 1312 1355; x_wconf 66' lang='lat' dir='ltr'><strong>narrantem,</strong></span> <span class='ocrx_word' id='word_1_6' title='bbox 1348 1267 1564 1340; x_wconf 79' lang='lat'>1477-88.</span> 
     </span>
    </p>
   </div>
   <div class='ocr_carea' id='block_1_2' title="bbox 366 1457 1607 2483">
    <p class='ocr_par' dir='ltr' id='par_1_2' title="bbox 455 1457 1453 1524">
     <span class='ocr_line' id='line_1_3' title="bbox 455 1457 1453 1524; baseline 0.001 -3"><span class='ocrx_word' id='word_1_7' title='bbox 455 1463 481 1521; x_wconf 93' lang='lat' dir='ltr'><strong>l.</strong></span> <span class='ocrx_word' id='word_1_8' title='bbox 527 1457 566 1522; x_wconf 86' lang='lat' dir='ltr'><strong>ln</strong></span> <span class='ocrx_word' id='word_1_9' title='bbox 588 1459 718 1523; x_wconf 87' lang='lat' dir='ltr'><strong>nomine</strong></span> <span class='ocrx_word' id='word_1_10' title='bbox 741 1462 851 1522; x_wconf 90' lang='lat' dir='ltr'><strong>sancte</strong></span> <span class='ocrx_word' id='word_1_11' title='bbox 873 1462 905 1522; x_wconf 87' lang='lat' dir='ltr'><strong>et</strong></span> <span class='ocrx_word' id='word_1_12' title='bbox 929 1457 1090 1521; x_wconf 78' lang='lat' dir='ltr'><strong>indiuidua</strong></span> <span class='ocrx_word' id='word_1_13' title='bbox 1113 1457 1291 1522; x_wconf 76' lang='lat' dir='ltr'><strong>Trinitatis,</strong></span> <span class='ocrx_word' id='word_1_14' title='bbox 1339 1459 1453 1524; x_wconf 84' lang='lat' dir='ltr'><strong>Amen.</strong></span> 
     </span>
    </p>

    <p class='ocr_par' dir='ltr' id='par_1_3' title="bbox 366 1561 1607 2483">
     <span class='ocr_line' id='line_1_4' title="bbox 453 1561 1569 1648; baseline -0.004 -20"><span class='ocrx_word' id='word_1_15' title='bbox 453 1562 571 1628; x_wconf 90' lang='lat' dir='ltr'><strong>Volens</strong></span> <span class='ocrx_word' id='word_1_16' title='bbox 608 1563 744 1648; x_wconf 84' lang='lat' dir='ltr'><strong>insignis</strong></span> <span class='ocrx_word' id='word_1_17' title='bbox 782 1562 963 1646; x_wconf 77' lang='lat' dir='ltr'><strong>Facnrmns&#39;</strong></span> <span class='ocrx_word' id='word_1_18' title='bbox 984 1561 1158 1627; x_wconf 82' lang='lat' dir='ltr'><strong>Annrsmon</strong></span> <span class='ocrx_word' id='word_1_19' title='bbox 1196 1587 1282 1627; x_wconf 78' lang='lat' dir='ltr'><strong>anna</strong></span> <span class='ocrx_word' id='word_1_20' title='bbox 1318 1563 1569 1628; x_wconf 76' lang='lat' dir='ltr'><strong>Varuaasrmms</strong></span> 
     </span>
     <span class='ocr_line' id='line_1_5' title="bbox 368 1651 1606 1752; baseline -0.002 -22"><span class='ocrx_word' id='word_1_21' title='bbox 368 1665 550 1732; x_wconf 84' lang='lat' dir='ltr'><strong>anmenn</strong></span> <span class='ocrx_word' id='word_1_22' title='bbox 585 1666 647 1730; x_wconf 85' lang='lat' dir='ltr'><strong>sibi</strong></span> <span class='ocrx_word' id='word_1_23' title='bbox 670 1668 852 1731; x_wconf 88' lang='lat' dir='ltr'><strong>commissos</strong></span> <span class='ocrx_word' id='word_1_24' title='bbox 874 1667 958 1731; x_wconf 91' lang='lat' dir='ltr'><strong>filios</strong></span> <span class='ocrx_word' id='word_1_25' title='bbox 981 1671 1013 1730; x_wconf 93' lang='lat' dir='ltr'><strong>et</strong></span> <span class='ocrx_word' id='word_1_26' title='bbox 1036 1667 1228 1730; x_wconf 89' lang='lat' dir='ltr'><strong>salutaribus</strong></span> <span class='ocrx_word' id='word_1_27' title='bbox 1250 1666 1373 1752; x_wconf 84' lang='lat' dir='ltr'><strong>fulgere</strong></span> <span class='ocrx_word' id='word_1_28' title='bbox 1396 1665 1570 1730; x_wconf 88' lang='lat' dir='ltr'><strong>virtutibus</strong></span> <span class='ocrx_word' id='word_1_29' title='bbox 1604 1651 1606 1656; x_wconf 36' lang='lat'><strong>¹</strong></span> 
     </span>
     <span class='ocr_line' id='line_1_6' title="bbox 366 1769 1571 1856; baseline -0.002 -21"><span class='ocrx_word' id='word_1_30' title='bbox 366 1777 398 1835; x_wconf 92' lang='lat' dir='ltr'><strong>et</strong></span> <span class='ocrx_word' id='word_1_31' title='bbox 429 1772 580 1836; x_wconf 74' lang='lat' dir='ltr'><strong>doctrinis</strong></span> <span class='ocrx_word' id='word_1_32' title='bbox 611 1771 746 1836; x_wconf 87' lang='lat' dir='ltr'><strong>laudatis</strong></span> <span class='ocrx_word' id='word_1_33' title='bbox 776 1772 932 1850; x_wconf 80' lang='lat' dir='ltr'><strong>decorari,</strong></span> <span class='ocrx_word' id='word_1_34' title='bbox 973 1775 1127 1854; x_wconf 91' lang='lat' dir='ltr'><strong>quatenus</strong></span> <span class='ocrx_word' id='word_1_35' title='bbox 1158 1772 1198 1836; x_wconf 89' lang='lat' dir='ltr'><strong>ab</strong></span> <span class='ocrx_word' id='word_1_36' title='bbox 1229 1772 1411 1856; x_wconf 88' lang='lat' dir='ltr'><strong>ignorancie</strong></span> <span class='ocrx_word' id='word_1_37' title='bbox 1441 1769 1571 1855; x_wconf 89' lang='lat' dir='ltr'><strong>purgati</strong></span> 
     </span>
     <span class='ocr_line' id='line_1_7' title="bbox 366 1875 1571 1961; baseline -0.003 -21"><span class='ocrx_word' id='word_1_38' title='bbox 366 1876 512 1959; x_wconf 78' lang='lat' dir='ltr'><strong>squalore</strong></span> <span class='ocrx_word' id='word_1_39' title='bbox 535 1875 685 1942; x_wconf 70' lang='lat' dir='ltr'><strong>scientias</strong></span> <span class='ocrx_word' id='word_1_40' title='bbox 709 1877 781 1940; x_wconf 89' lang='lat' dir='ltr'><strong>aliis</strong></span> <span class='ocrx_word' id='word_1_41' title='bbox 804 1899 906 1942; x_wconf 81' lang='lat' dir='ltr'><strong>serere</strong></span> <span class='ocrx_word' id='word_1_42' title='bbox 928 1875 1055 1940; x_wconf 88' lang='lat' dir='ltr'><strong>valeant</strong></span> <span class='ocrx_word' id='word_1_43' title='bbox 1077 1879 1109 1939; x_wconf 91' lang='lat' dir='ltr'><strong>et</strong></span> <span class='ocrx_word' id='word_1_44' title='bbox 1130 1875 1268 1940; x_wconf 90' lang='lat' dir='ltr'><strong>fructum</strong></span> <span class='ocrx_word' id='word_1_45' title='bbox 1293 1876 1426 1961; x_wconf 83' lang='lat' dir='ltr'><strong>gignere</strong></span> <span class='ocrx_word' id='word_1_46' title='bbox 1456 1875 1489 1937; x_wconf 92' lang='lat' dir='ltr'><strong>in</strong></span> <span class='ocrx_word' id='word_1_47' title='bbox 1514 1875 1571 1936; x_wconf 91' lang='lat' dir='ltr'><strong>do·</strong></span> 
     </span>
     <span class='ocr_line' id='line_1_8' title="bbox 367 1976 1571 2065; baseline -0.003 -21"><span class='ocrx_word' id='word_1_48' title='bbox 367 1981 455 2044; x_wconf 91' lang='lat' dir='ltr'><strong>mino</strong></span> <span class='ocrx_word' id='word_1_49' title='bbox 485 1980 688 2065; x_wconf 90' lang='lat' dir='ltr'><strong>profuturum</strong></span> <span class='ocrx_word' id='word_1_50' title='bbox 722 1981 897 2045; x_wconf 85' lang='lat' dir='ltr'><strong>Statuta</strong></span> <span class='ocrx_word' id='word_1_51' title='bbox 929 1981 1062 2064; x_wconf 88' lang='lat' dir='ltr'><strong>quedam</strong></span> <span class='ocrx_word' id='word_1_52' title='bbox 1094 2001 1150 2064; x_wconf 91' lang='lat' dir='ltr'><strong>per</strong></span> <span class='ocrx_word' id='word_1_53' title='bbox 1180 1980 1279 2063; x_wconf 86' lang='lat' dir='ltr'><strong>ipsius</strong></span> <span class='ocrx_word' id='word_1_54' title='bbox 1305 1979 1465 2044; x_wconf 79' lang='lat' dir='ltr'><strong>facultatis</strong></span> <span class='ocrx_word' id='word_1_55' title='bbox 1488 1976 1571 2060; x_wconf 81' lang='lat' dir='ltr'><strong>Sup-</strong></span> 
     </span>
     <span class='ocr_line' id='line_1_9' title="bbox 368 2081 1607 2169; baseline -0.003 -21"><span class='ocrx_word' id='word_1_56' title='bbox 368 2085 470 2169; x_wconf 88' lang='lat' dir='ltr'><strong>posita</strong></span> <span class='ocrx_word' id='word_1_57' title='bbox 493 2106 551 2168; x_wconf 91' lang='lat' dir='ltr'><strong>pro</strong></span> <span class='ocrx_word' id='word_1_58' title='bbox 574 2089 732 2169; x_wconf 86' lang='lat' dir='ltr'><strong>tempore,</strong></span> <span class='ocrx_word' id='word_1_59' title='bbox 757 2085 865 2148; x_wconf 89' lang='lat' dir='ltr'><strong>diuina</strong></span> <span class='ocrx_word' id='word_1_60' title='bbox 886 2084 1013 2148; x_wconf 89' lang='lat' dir='ltr'><strong>fauente</strong></span> <span class='ocrx_word' id='word_1_61' title='bbox 1040 2084 1217 2162; x_wconf 82' lang='lat' dir='ltr'><strong>clemencia,</strong></span> <span class='ocrx_word' id='word_1_62' title='bbox 1242 2085 1376 2148; x_wconf 88' lang='lat' dir='ltr'><strong>fideliter</strong></span> <span class='ocrx_word' id='word_1_63' title='bbox 1400 2087 1432 2148; x_wconf 89' lang='lat' dir='ltr'><strong>ct</strong></span> <span class='ocrx_word' id='word_1_64' title='bbox 1456 2083 1570 2148; x_wconf 91' lang='lat' dir='ltr'><strong>incon·</strong></span> <span class='ocrx_word' id='word_1_65' title='bbox 1605 2081 1607 2085; x_wconf 79' lang='grc'><strong>’</strong></span> 
     </span>
     <span class='ocr_line' id='line_1_10' title="bbox 369 2187 1570 2273; baseline -0.001 -22"><span class='ocrx_word' id='word_1_66' title='bbox 369 2189 459 2253; x_wconf 89' lang='lat' dir='ltr'><strong>uulse</strong></span> <span class='ocrx_word' id='word_1_67' title='bbox 481 2190 636 2254; x_wconf 89' lang='lat' dir='ltr'><strong>seruanda</strong></span> <span class='ocrx_word' id='word_1_68' title='bbox 659 2193 784 2254; x_wconf 86' lang='lat' dir='ltr'><strong>maturo</strong></span> <span class='ocrx_word' id='word_1_69' title='bbox 807 2190 1033 2254; x_wconf 87' lang='lat' dir='ltr'><strong>deliberamine</strong></span> <span class='ocrx_word' id='word_1_70' title='bbox 1049 2191 1158 2273; x_wconf 90' lang='lat' dir='ltr'><strong>preuio</strong></span> <span class='ocrx_word' id='word_1_71' title='bbox 1175 2189 1315 2253; x_wconf 90' lang='lat' dir='ltr'><strong>condidit</strong></span> <span class='ocrx_word' id='word_1_72' title='bbox 1331 2193 1363 2252; x_wconf 89' lang='lat' dir='ltr'><strong>et</strong></span> <span class='ocrx_word' id='word_1_73' title='bbox 1378 2189 1454 2252; x_wconf 88' lang='lat' dir='ltr'><strong>fecit</strong></span> <span class='ocrx_word' id='word_1_74' title='bbox 1469 2187 1570 2273; x_wconf 90' lang='lat' dir='ltr'><strong>ipsius</strong></span> 
     </span>
     <span class='ocr_line' id='line_1_11' title="bbox 369 2293 1570 2377; baseline -0.002 -20"><span class='ocrx_word' id='word_1_75' title='bbox 369 2293 585 2358; x_wconf 88' lang='lat' dir='ltr'><strong>vniuersitatis</strong></span> <span class='ocrx_word' id='word_1_76' title='bbox 608 2293 784 2357; x_wconf 89' lang='lat' dir='ltr'><strong>munimine</strong></span> <span class='ocrx_word' id='word_1_77' title='bbox 807 2293 971 2371; x_wconf 84' lang='lat' dir='ltr'><strong>subeunte,</strong></span> <span class='ocrx_word' id='word_1_78' title='bbox 995 2293 1134 2377; x_wconf 89' lang='lat' dir='ltr'><strong>facitque</strong></span> <span class='ocrx_word' id='word_1_79' title='bbox 1158 2298 1190 2358; x_wconf 91' lang='lat' dir='ltr'><strong>et</strong></span> <span class='ocrx_word' id='word_1_80' title='bbox 1213 2294 1339 2358; x_wconf 85' lang='lat' dir='ltr'><strong>ordinat</strong></span> <span class='ocrx_word' id='word_1_81' title='bbox 1362 2315 1418 2376; x_wconf 90' lang='lat' dir='ltr'><strong>per</strong></span> <span class='ocrx_word' id='word_1_82' title='bbox 1440 2314 1570 2376; x_wconf 84' lang='lat' dir='ltr'><strong>presen-</strong></span> 
     </span>
     <span class='ocr_line' id='line_1_12' title="bbox 369 2398 1280 2483; baseline -0.001 -21"><span class='ocrx_word' id='word_1_83' title='bbox 369 2403 417 2462; x_wconf 86' lang='lat' dir='ltr'><strong>tes</strong></span> <span class='ocrx_word' id='word_1_84' title='bbox 440 2399 507 2464; x_wconf 89' lang='lat' dir='ltr'><strong>Hec</strong></span> <span class='ocrx_word' id='word_1_85' title='bbox 529 2421 590 2482; x_wconf 91' lang='lat' dir='ltr'><strong>que</strong></span> <span class='ocrx_word' id='word_1_86' title='bbox 612 2401 788 2482; x_wconf 87' lang='lat' dir='ltr'><strong>sequuntur</strong></span> <span class='ocrx_word' id='word_1_87' title='bbox 811 2399 951 2483; x_wconf 89' lang='lat' dir='ltr'><strong>capitula</strong></span> <span class='ocrx_word' id='word_1_88' title='bbox 972 2398 1280 2482; x_wconf 83' lang='lat' dir='ltr'><strong>comprehendentia.</strong></span> 
     </span>
    </p>
   </div>
   <div class='ocr_carea' id='block_1_3' title="bbox 714 2571 1218 2638">
    <p class='ocr_par' dir='ltr' id='par_1_4' title="bbox 714 2571 1218 2638">
     <span class='ocr_line' id='line_1_13' title="bbox 714 2571 1218 2638; baseline -0.004 0"><span class='ocrx_word' id='word_1_89' title='bbox 714 2572 770 2638; x_wconf 92' lang='lat' dir='ltr'><strong>De</strong></span> <span class='ocrx_word' id='word_1_90' title='bbox 792 2573 895 2638; x_wconf 88' lang='lat' dir='ltr'><strong>festo</strong></span> <span class='ocrx_word' id='word_1_91' title='bbox 918 2572 949 2638; x_wconf 81' lang='lat' dir='ltr'><strong>S.</strong></span> <span class='ocrx_word' id='word_1_92' title='bbox 976 2571 1218 2638; x_wconf 88' lang='lat' dir='ltr'><strong>Katherine.</strong></span> 
     </span>
    </p>
   </div>
   <div class='ocr_carea' id='block_1_4' title="bbox 459 2709 1574 2798">
    <p class='ocr_par' dir='ltr' id='par_1_5' title="bbox 459 2709 1574 2798">
     <span class='ocr_line' id='line_1_14' title="bbox 459 2709 1574 2798; baseline 0.002 -24"><span class='ocrx_word' id='word_1_93' title='bbox 459 2716 488 2774; x_wconf 82' lang='lat'><strong>2.</strong></span> <span class='ocrx_word' id='word_1_94' title='bbox 533 2709 686 2795; x_wconf 89' lang='lat' dir='ltr'><strong>Inprimis</strong></span> <span class='ocrx_word' id='word_1_95' title='bbox 709 2714 816 2796; x_wconf 87' lang='lat' dir='ltr'><strong>itaque</strong></span> <span class='ocrx_word' id='word_1_96' title='bbox 838 2711 1076 2778; x_wconf 84' lang='lat' dir='ltr'><strong>Sanctissimam</strong></span> <span class='ocrx_word' id='word_1_97' title='bbox 1099 2713 1147 2776; x_wconf 82' lang='lat' dir='ltr'><strong>dei</strong></span> <span class='ocrx_word' id='word_1_98' title='bbox 1171 2713 1326 2798; x_wconf 85' lang='lat' dir='ltr'><strong>virginem</strong></span> <span class='ocrx_word' id='word_1_99' title='bbox 1353 2717 1385 2776; x_wconf 91' lang='lat' dir='ltr'><strong>ct</strong></span> <span class='ocrx_word' id='word_1_100' title='bbox 1409 2713 1574 2777; x_wconf 85' lang='lat' dir='ltr'><strong>martirem</strong></span> 
     </span>
    </p>
   </div>
   <div class='ocr_carea' id='block_1_5' title="bbox 371 2813 1576 3424">
    <p class='ocr_par' dir='ltr' id='par_1_6' title="bbox 371 2813 1576 3424">
     <span class='ocr_line' id='line_1_15' title="bbox 372 2813 1573 2900; baseline 0.002 -22"><span class='ocrx_word' id='word_1_101' title='bbox 372 2813 607 2893; x_wconf 81' lang='lat' dir='ltr'><strong>Kannnmnnn,</strong></span> <span class='ocrx_word' id='word_1_102' title='bbox 632 2838 692 2898; x_wconf 88' lang='lat' dir='ltr'><strong>que</strong></span> <span class='ocrx_word' id='word_1_103' title='bbox 714 2817 894 2900; x_wconf 89' lang='lat' dir='ltr'><strong>sapientum</strong></span> <span class='ocrx_word' id='word_1_104' title='bbox 917 2817 1032 2881; x_wconf 83' lang='lat' dir='ltr'><strong>victrix</strong></span> <span class='ocrx_word' id='word_1_105' title='bbox 1057 2817 1183 2894; x_wconf 80' lang='lat' dir='ltr'><strong>extitit,</strong></span> <span class='ocrx_word' id='word_1_106' title='bbox 1211 2817 1279 2900; x_wconf 88' lang='lat' dir='ltr'><strong>ipsa</strong></span> <span class='ocrx_word' id='word_1_107' title='bbox 1301 2817 1434 2882; x_wconf 83' lang='lat' dir='ltr'><strong>facultas</strong></span> <span class='ocrx_word' id='word_1_108' title='bbox 1458 2818 1491 2880; x_wconf 91' lang='lat' dir='ltr'><strong>in</strong></span> <span class='ocrx_word' id='word_1_109' title='bbox 1515 2839 1573 2900; x_wconf 88' lang='lat' dir='ltr'><strong>pa-</strong></span> 
     </span>
     <span class='ocr_line' id='line_1_16' title="bbox 373 2919 1574 3006; baseline 0.001 -23"><span class='ocrx_word' id='word_1_110' title='bbox 373 2926 496 2984; x_wconf 88' lang='lat' dir='ltr'><strong>tronam</strong></span> <span class='ocrx_word' id='word_1_111' title='bbox 519 2921 639 3004; x_wconf 84' lang='lat' dir='ltr'><strong>eligens</strong></span> <span class='ocrx_word' id='word_1_112' title='bbox 663 2919 885 3005; x_wconf 88' lang='lat' dir='ltr'><strong>dignissimam</strong></span> <span class='ocrx_word' id='word_1_113' title='bbox 908 2921 1029 2986; x_wconf 86' lang='lat' dir='ltr'><strong>Statuit</strong></span> <span class='ocrx_word' id='word_1_114' title='bbox 1052 2926 1084 2985; x_wconf 90' lang='lat' dir='ltr'><strong>ct</strong></span> <span class='ocrx_word' id='word_1_115' title='bbox 1107 2945 1126 2984; x_wconf 90' lang='lat' dir='ltr'><strong>a</strong></span> <span class='ocrx_word' id='word_1_116' title='bbox 1148 2923 1283 3006; x_wconf 90' lang='lat' dir='ltr'><strong>posteris</strong></span> <span class='ocrx_word' id='word_1_117' title='bbox 1305 2922 1441 3006; x_wconf 88' lang='lat' dir='ltr'><strong>singulis</strong></span> <span class='ocrx_word' id='word_1_118' title='bbox 1472 2921 1574 3005; x_wconf 88' lang='lat' dir='ltr'><strong>ipsius</strong></span> 
     </span>
     <span class='ocr_line' id='line_1_17' title="bbox 372 3023 1575 3109; baseline 0.001 -21"><span class='ocrx_word' id='word_1_119' title='bbox 372 3024 531 3088; x_wconf 85' lang='lat' dir='ltr'><strong>facultatis</strong></span> <span class='ocrx_word' id='word_1_120' title='bbox 565 3023 744 3108; x_wconf 84' lang='lat' dir='ltr'><strong>Suppositis</strong></span> <span class='ocrx_word' id='word_1_121' title='bbox 778 3026 1005 3090; x_wconf 78' lang='lat' dir='ltr'><strong>inviolabiliter</strong></span> <span class='ocrx_word' id='word_1_122' title='bbox 1038 3027 1200 3090; x_wconf 88' lang='lat' dir='ltr'><strong>obseruari</strong></span> <span class='ocrx_word' id='word_1_123' title='bbox 1239 3029 1356 3104; x_wconf 76' lang='lat' dir='ltr'><strong>voluit,</strong></span> <span class='ocrx_word' id='word_1_124' title='bbox 1399 3032 1435 3092; x_wconf 90' lang='lat' dir='ltr'><strong>ut</strong></span> <span class='ocrx_word' id='word_1_125' title='bbox 1476 3027 1575 3109; x_wconf 91' lang='lat' dir='ltr'><strong>ipsius</strong></span> 
     </span>
     <span class='ocr_line' id='line_1_18' title="bbox 373 3128 1576 3214; baseline 0.001 -21"><span class='ocrx_word' id='word_1_126' title='bbox 373 3129 403 3193; x_wconf 81' lang='lat' dir='ltr'><strong>S.</strong></span> <span class='ocrx_word' id='word_1_127' title='bbox 427 3128 603 3192; x_wconf 87' lang='lat' dir='ltr'><strong>Katherine</strong></span> <span class='ocrx_word' id='word_1_128' title='bbox 624 3134 759 3212; x_wconf 87' lang='lat' dir='ltr'><strong>patrone</strong></span> <span class='ocrx_word' id='word_1_129' title='bbox 781 3135 887 3195; x_wconf 86' lang='lat' dir='ltr'><strong>nostre</strong></span> <span class='ocrx_word' id='word_1_130' title='bbox 910 3130 1027 3194; x_wconf 89' lang='lat' dir='ltr'><strong>festum</strong></span> <span class='ocrx_word' id='word_1_131' title='bbox 1051 3132 1117 3213; x_wconf 81' lang='lat'>[25.</span> <span class='ocrx_word' id='word_1_132' title='bbox 1142 3130 1238 3213; x_wconf 72' lang='lat' dir='ltr'><strong>Noa]</strong></span> <span class='ocrx_word' id='word_1_133' title='bbox 1262 3155 1318 3214; x_wconf 89' lang='lat' dir='ltr'><strong>per</strong></span> <span class='ocrx_word' id='word_1_134' title='bbox 1349 3155 1416 3196; x_wconf 90' lang='lat' dir='ltr'><strong>eam</strong></span> <span class='ocrx_word' id='word_1_135' title='bbox 1440 3131 1576 3195; x_wconf 88' lang='lat' dir='ltr'><strong>faculta-</strong></span> 
     </span>
     <span class='ocr_line' id='line_1_19' title="bbox 371 3233 1576 3322; baseline 0.002 -25"><span class='ocrx_word' id='word_1_136' title='bbox 371 3237 437 3297; x_wconf 92' lang='lat' dir='ltr'><strong>tem</strong></span> <span class='ocrx_word' id='word_1_137' title='bbox 467 3255 538 3296; x_wconf 91' lang='lat' dir='ltr'><strong>cum</strong></span> <span class='ocrx_word' id='word_1_138' title='bbox 569 3233 681 3317; x_wconf 89' lang='lat' dir='ltr'><strong>primis</strong></span> <span class='ocrx_word' id='word_1_139' title='bbox 704 3233 852 3319; x_wconf 77' lang='lat' dir='ltr'><strong>Vesperis</strong></span> <span class='ocrx_word' id='word_1_140' title='bbox 880 3241 913 3300; x_wconf 90' lang='lat' dir='ltr'><strong>ct</strong></span> <span class='ocrx_word' id='word_1_141' title='bbox 935 3235 1033 3300; x_wconf 89' lang='lat' dir='ltr'><strong>Missa</strong></span> <span class='ocrx_word' id='word_1_142' title='bbox 1065 3235 1187 3299; x_wconf 87' lang='lat' dir='ltr'><strong>solenni</strong></span> <span class='ocrx_word' id='word_1_143' title='bbox 1219 3236 1374 3322; x_wconf 89' lang='lat' dir='ltr'><strong>solitaque</strong></span> <span class='ocrx_word' id='word_1_144' title='bbox 1403 3236 1576 3302; x_wconf 90' lang='lat' dir='ltr'><strong>collacione</strong></span> 
     </span>
     <span class='ocr_line' id='line_1_20' title="bbox 372 3339 877 3424; baseline 0.006 -23"><span class='ocrx_word' id='word_1_145' title='bbox 372 3339 482 3424; x_wconf 87' lang='lat' dir='ltr'><strong>peragi</strong></span> <span class='ocrx_word' id='word_1_146' title='bbox 505 3339 615 3403; x_wconf 85' lang='lat' dir='ltr'><strong>debeat</strong></span> <span class='ocrx_word' id='word_1_147' title='bbox 639 3344 670 3403; x_wconf 88' lang='lat' dir='ltr'><strong>et</strong></span> <span class='ocrx_word' id='word_1_148' title='bbox 693 3340 844 3405; x_wconf 89' lang='lat' dir='ltr'><strong>celebrari</strong></span> <span class='ocrx_word' id='word_1_149' title='bbox 857 3341 877 3404; x_wconf 93' lang='lat'><strong>¹.</strong></span> 
     </span>
    </p>
   </div>
   <div class='ocr_carea' id='block_1_6' title="bbox 959 3560 1005 3631">
    <p class='ocr_par' dir='ltr' id='par_1_7' title="bbox 959 3560 1005 3631">
     <span class='ocr_line' id='line_1_21' title="bbox 959 3560 1005 3631; baseline 0.022 -1"><span class='ocrx_word' id='word_1_150' title='bbox 959 3560 1005 3631; x_wconf 89' lang='lat' dir='ltr'><strong>ll.</strong></span> 
     </span>
    </p>
   </div>
   <div class='ocr_carea' id='block_1_7' title="bbox 762 3735 1199 3810">
    <p class='ocr_par' dir='ltr' id='par_1_8' title="bbox 762 3735 1199 3810">
     <span class='ocr_line' id='line_1_22' title="bbox 762 3735 1199 3810; baseline 0.005 -3"><span class='ocrx_word' id='word_1_151' title='bbox 762 3736 803 3808; x_wconf 86' lang='lat' dir='ltr'><strong>B.</strong></span> <span class='ocrx_word' id='word_1_152' title='bbox 834 3735 1052 3808; x_wconf 83' lang='lat' dir='ltr'><strong>STATUTA</strong></span> <span class='ocrx_word' id='word_1_153' title='bbox 1088 3741 1199 3810; x_wconf 82' lang='lat'>1505.</span> 
     </span>
    </p>
   </div>
   <div class='ocr_carea' id='block_1_8' title="bbox 375 3891 1579 4607">
    <p class='ocr_par' dir='ltr' id='par_1_9' title="bbox 469 3891 1005 3955">
     <span class='ocr_line' id='line_1_23' title="bbox 469 3891 1005 3955; baseline -0.007 0"><span class='ocrx_word' id='word_1_154' title='bbox 469 3893 476 3927; x_wconf 93' lang='lat'>¹</span> <span class='ocrx_word' id='word_1_155' title='bbox 501 3891 528 3955; x_wconf 90' lang='grc' dir='ltr'>Β</span> <span class='ocrx_word' id='word_1_156' title='bbox 548 3896 668 3952; x_wconf 88' lang='lat' dir='ltr'><strong>schaltct</strong></span> <span class='ocrx_word' id='word_1_157' title='bbox 687 3899 758 3951; x_wconf 88' lang='lat' dir='ltr'><strong>nach</strong></span> <span class='ocrx_word' id='word_1_158' title='bbox 778 3899 884 3953; x_wconf 89' lang='lat' dir='ltr'><strong>Absatz</strong></span> <span class='ocrx_word' id='word_1_159' title='bbox 907 3897 924 3955; x_wconf 82' lang='lat'><strong>2</strong></span> <span class='ocrx_word' id='word_1_160' title='bbox 945 3899 1005 3954; x_wconf 88' lang='lat' dir='ltr'><strong>ein:</strong></span> 
     </span>
    </p>

    <p class='ocr_par' dir='ltr' id='par_1_10' title="bbox 375 3997 1579 4607">
     <span class='ocr_line' id='line_1_24' title="bbox 465 3997 1576 4084; baseline 0.001 -22"><span class='ocrx_word' id='word_1_161' title='bbox 465 3998 546 4063; x_wconf 89' lang='lat' dir='ltr'><strong>Item</strong></span> <span class='ocrx_word' id='word_1_162' title='bbox 570 3999 606 4062; x_wconf 92' lang='lat' dir='ltr'><strong>in</strong></span> <span class='ocrx_word' id='word_1_163' title='bbox 629 3999 710 4062; x_wconf 85' lang='lat' dir='ltr'><strong>festo</strong></span> <span class='ocrx_word' id='word_1_164' title='bbox 735 3997 766 4062; x_wconf 83' lang='lat' dir='ltr'><strong>S.</strong></span> <span class='ocrx_word' id='word_1_165' title='bbox 783 3998 951 4062; x_wconf 86' lang='lat' dir='ltr'><strong>Catherine</strong></span> <span class='ocrx_word' id='word_1_166' title='bbox 973 3997 1109 4082; x_wconf 84' lang='lat' dir='ltr'><strong>virginis</strong></span> <span class='ocrx_word' id='word_1_167' title='bbox 1133 4004 1165 4062; x_wconf 89' lang='lat' dir='ltr'><strong>et</strong></span> <span class='ocrx_word' id='word_1_168' title='bbox 1186 3999 1326 4062; x_wconf 88' lang='lat' dir='ltr'><strong>martiris</strong></span> <span class='ocrx_word' id='word_1_169' title='bbox 1349 3999 1494 4084; x_wconf 77' lang='lat' dir='ltr'><strong>gloriose,</strong></span> <span class='ocrx_word' id='word_1_170' title='bbox 1519 4020 1576 4083; x_wconf 88' lang='lat' dir='ltr'><strong>pa·</strong></span> 
     </span>
     <span class='ocr_line' id='line_1_25' title="bbox 375 4103 1577 4187; baseline 0 -20"><span class='ocrx_word' id='word_1_171' title='bbox 375 4108 467 4168; x_wconf 89' lang='lat' dir='ltr'><strong>trone</strong></span> <span class='ocrx_word' id='word_1_172' title='bbox 500 4109 624 4181; x_wconf 79' lang='lat' dir='ltr'><strong>nostre,</strong></span> <span class='ocrx_word' id='word_1_173' title='bbox 659 4107 733 4186; x_wconf 91' lang='lat' dir='ltr'><strong>post</strong></span> <span class='ocrx_word' id='word_1_174' title='bbox 767 4103 885 4187; x_wconf 90' lang='lat' dir='ltr'><strong>primas</strong></span> <span class='ocrx_word' id='word_1_175' title='bbox 915 4123 1059 4185; x_wconf 89' lang='lat' dir='ltr'><strong>vesperas</strong></span> <span class='ocrx_word' id='word_1_176' title='bbox 1083 4103 1264 4166; x_wconf 89' lang='lat' dir='ltr'><strong>collatio</strong></span> <span class='ocrx_word' id='word_1_177' title='bbox 1288 4103 1486 4181; x_wconf 65' lang='lat' dir='ltr'><strong>frendebat,</strong></span> <span class='ocrx_word' id='word_1_178' title='bbox 1519 4126 1577 4187; x_wconf 92' lang='lat' dir='ltr'><strong>pro</strong></span> 
     </span>
     <span class='ocr_line' id='line_1_26' title="bbox 376 4207 1576 4292; baseline 0 -21"><span class='ocrx_word' id='word_1_179' title='bbox 376 4209 463 4272; x_wconf 89' lang='lat' dir='ltr'><strong>cuius</strong></span> <span class='ocrx_word' id='word_1_180' title='bbox 492 4208 632 4273; x_wconf 90' lang='lat' dir='ltr'><strong>celeriori</strong></span> <span class='ocrx_word' id='word_1_181' title='bbox 663 4207 726 4271; x_wconf 90' lang='lat' dir='ltr'><strong>fine</strong></span> <span class='ocrx_word' id='word_1_182' title='bbox 755 4207 936 4271; x_wconf 88' lang='lat' dir='ltr'><strong>huiusmodi</strong></span> <span class='ocrx_word' id='word_1_183' title='bbox 960 4207 997 4270; x_wconf 90' lang='lat' dir='ltr'><strong>de</strong></span> <span class='ocrx_word' id='word_1_184' title='bbox 1020 4229 1174 4271; x_wconf 91' lang='lat' dir='ltr'><strong>consensu</strong></span> <span class='ocrx_word' id='word_1_185' title='bbox 1199 4208 1398 4272; x_wconf 83' lang='lat' dir='ltr'><strong>dominorum</strong></span> <span class='ocrx_word' id='word_1_186' title='bbox 1422 4209 1576 4292; x_wconf 87' lang='lat' dir='ltr'><strong>prepositi</strong></span> 
     </span>
     <span class='ocr_line' id='line_1_27' title="bbox 376 4311 1577 4397; baseline 0.001 -21"><span class='ocrx_word' id='word_1_187' title='bbox 376 4319 408 4376; x_wconf 89' lang='lat' dir='ltr'><strong>et</strong></span> <span class='ocrx_word' id='word_1_188' title='bbox 430 4314 539 4376; x_wconf 89' lang='lat' dir='ltr'><strong>decani</strong></span> <span class='ocrx_word' id='word_1_189' title='bbox 563 4313 689 4376; x_wconf 86' lang='lat' dir='ltr'><strong>ecclesie</strong></span> <span class='ocrx_word' id='word_1_190' title='bbox 712 4312 879 4397; x_wconf 77' lang='lat' dir='ltr'><strong>collegiata</strong></span> <span class='ocrx_word' id='word_1_191' title='bbox 901 4311 981 4389; x_wconf 80' lang='lat' dir='ltr'><strong>loci,</strong></span> <span class='ocrx_word' id='word_1_192' title='bbox 1015 4335 1071 4394; x_wconf 90' lang='lat' dir='ltr'><strong>per</strong></span> <span class='ocrx_word' id='word_1_193' title='bbox 1097 4336 1190 4377; x_wconf 83' lang='lat' dir='ltr'><strong>uuam</strong></span> <span class='ocrx_word' id='word_1_194' title='bbox 1219 4313 1329 4376; x_wconf 89' lang='lat' dir='ltr'><strong>horam</strong></span> <span class='ocrx_word' id='word_1_195' title='bbox 1362 4314 1577 4396; x_wconf 88' lang='lat' dir='ltr'><strong>anticipentur</strong></span> 
     </span>
     <span class='ocr_line' id='line_1_28' title="bbox 376 4416 1577 4502; baseline 0 -22"><span class='ocrx_word' id='word_1_196' title='bbox 376 4417 457 4480; x_wconf 91' lang='lat' dir='ltr'><strong>Item</strong></span> <span class='ocrx_word' id='word_1_197' title='bbox 482 4417 617 4481; x_wconf 89' lang='lat' dir='ltr'><strong>decanus</strong></span> <span class='ocrx_word' id='word_1_198' title='bbox 640 4418 768 4480; x_wconf 90' lang='lat' dir='ltr'><strong>ecclesie</strong></span> <span class='ocrx_word' id='word_1_199' title='bbox 793 4418 830 4480; x_wconf 80' lang='lat' dir='ltr'><strong>arl</strong></span> <span class='ocrx_word' id='word_1_200' title='bbox 854 4420 1002 4502; x_wconf 84' lang='lat' dir='ltr'><strong>rogatum</strong></span> <span class='ocrx_word' id='word_1_201' title='bbox 1026 4416 1188 4480; x_wconf 88' lang='lat' dir='ltr'><strong>facultatis</strong></span> <span class='ocrx_word' id='word_1_202' title='bbox 1210 4417 1351 4481; x_wconf 90' lang='lat' dir='ltr'><strong>officium</strong></span> <span class='ocrx_word' id='word_1_203' title='bbox 1379 4417 1472 4481; x_wconf 91' lang='lat' dir='ltr'><strong>misse</strong></span> <span class='ocrx_word' id='word_1_204' title='bbox 1501 4439 1577 4481; x_wconf 90' lang='lat' dir='ltr'><strong>can-</strong></span> 
     </span>
     <span class='ocr_line' id='line_1_29' title="bbox 378 4521 1579 4607; baseline -0.002 -20"><span class='ocrx_word' id='word_1_205' title='bbox 378 4526 442 4600; x_wconf 81' lang='lat' dir='ltr'><strong>tet,</strong></span> <span class='ocrx_word' id='word_1_206' title='bbox 474 4521 515 4586; x_wconf 87' lang='lat' dir='ltr'><strong>Et</strong></span> <span class='ocrx_word' id='word_1_207' title='bbox 546 4526 619 4585; x_wconf 89' lang='lat' dir='ltr'><strong>aute</strong></span> <span class='ocrx_word' id='word_1_208' title='bbox 650 4543 744 4604; x_wconf 89' lang='lat' dir='ltr'><strong>quam</strong></span> <span class='ocrx_word' id='word_1_209' title='bbox 768 4521 907 4584; x_wconf 89' lang='lat' dir='ltr'><strong>solennis</strong></span> <span class='ocrx_word' id='word_1_210' title='bbox 935 4522 1097 4584; x_wconf 85' lang='lat' dir='ltr'><strong>doctorum</strong></span> <span class='ocrx_word' id='word_1_211' title='bbox 1120 4527 1152 4586; x_wconf 90' lang='lat' dir='ltr'><strong>et</strong></span> <span class='ocrx_word' id='word_1_212' title='bbox 1175 4523 1399 4607; x_wconf 84' lang='lat' dir='ltr'><strong>magistrorum</strong></span> <span class='ocrx_word' id='word_1_213' title='bbox 1422 4523 1579 4605; x_wconf 90' lang='lat' dir='ltr'><strong>processio</strong></span> 
     </span>
    </p>
   </div>
   <div class='ocr_carea' id='block_1_9' title="bbox 0 0 1750 5314">
    <p class='ocr_par' dir='ltr' id='par_1_11' title="bbox 0 0 1750 5314">
     <span class='ocr_line' id='line_1_30' title="bbox 0 0 1750 5314; baseline 0 0"><span class='ocrx_word' id='word_1_214' title='bbox 0 0 1750 5314; x_wconf 95' lang='lat' dir='ltr'><strong> </strong></span> 
     </span>
    </p>
   </div>
  </div>
 </body>
</html>
