<?xml version="1.0" encoding="UTF-8"?>
<!DOCTYPE html PUBLIC "-//W3C//DTD XHTML 1.0 Transitional//EN"
    "http://www.w3.org/TR/xhtml1/DTD/xhtml1-transitional.dtd">
<html xmlns="http://www.w3.org/1999/xhtml" xml:lang="en" lang="en">
 <head>
  <title>
</title>
<meta http-equiv="Content-Type" content="text/html;charset=utf-8" />
  <meta name='ocr-system' content='tesseract 3.04.00' />
  <meta name='ocr-capabilities' content='ocr_page ocr_carea ocr_par ocr_line ocrx_word'/>
</head>
<body>
  <div class='ocr_page' id='page_1' title='image "./urkundenzurgesc00tbgoog_0382.png"; bbox 0 0 3504 5322; ppageno 0'>
   <div class='ocr_carea' id='block_1_1' title="bbox 342 457 1078 523">
    <p class='ocr_par' dir='ltr' id='par_1_1' title="bbox 342 457 1078 523">
     <span class='ocr_line' id='line_1_1' title="bbox 342 457 1078 523; baseline -0.015 0"><span class='ocrx_word' id='word_1_1' title='bbox 342 457 404 523; x_wconf 85' lang='lat'>368</span> <span class='ocrx_word' id='word_1_2' title='bbox 806 457 937 522; x_wconf 82' lang='lat' dir='ltr'>Facultas</span> <span class='ocrx_word' id='word_1_3' title='bbox 956 457 1078 513; x_wconf 76' lang='lat' dir='ltr'>Artium.</span> 
     </span>
    </p>
   </div>
   <div class='ocr_carea' id='block_1_2' title="bbox 341 614 1640 4593">
    <p class='ocr_par' dir='ltr' id='par_1_2' title="bbox 341 614 1544 806">
     <span class='ocr_line' id='line_1_2' title="bbox 341 614 1544 702; baseline 0.004 -23"><span class='ocrx_word' id='word_1_4' title='bbox 341 617 404 682; x_wconf 91' lang='lat' dir='ltr'>nisi</span> <span class='ocrx_word' id='word_1_5' title='bbox 426 619 537 699; x_wconf 86' lang='lat' dir='ltr'>sponte</span> <span class='ocrx_word' id='word_1_6' title='bbox 561 620 593 679; x_wconf 88' lang='lat' dir='ltr'>et</span> <span class='ocrx_word' id='word_1_7' title='bbox 615 614 713 679; x_wconf 89' lang='lat' dir='ltr'>libere</span> <span class='ocrx_word' id='word_1_8' title='bbox 737 615 770 679; x_wconf 93' lang='lat' dir='ltr'>in</span> <span class='ocrx_word' id='word_1_9' title='bbox 795 617 971 681; x_wconf 89' lang='lat' dir='ltr'>bursalium</span> <span class='ocrx_word' id='word_1_10' title='bbox 993 617 1164 701; x_wconf 75' lang='lat' dir='ltr'>presencia,</span> <span class='ocrx_word' id='word_1_11' title='bbox 1188 618 1349 702; x_wconf 86' lang='lat' dir='ltr'>palamst</span> <span class='ocrx_word' id='word_1_12' title='bbox 1373 619 1544 684; x_wconf 88' lang='lat' dir='ltr'>manifeste</span> 
     </span>
     <span class='ocr_line' id='line_1_3' title="bbox 341 719 1395 806; baseline 0.004 -22"><span class='ocrx_word' id='word_1_13' title='bbox 341 719 533 784; x_wconf 84' lang='lat' dir='ltr'>Conuentori</span> <span class='ocrx_word' id='word_1_14' title='bbox 555 721 648 785; x_wconf 87' lang='lat' dir='ltr'>burae</span> <span class='ocrx_word' id='word_1_15' title='bbox 671 720 754 785; x_wconf 84' lang='lat' dir='ltr'>hanc</span> <span class='ocrx_word' id='word_1_16' title='bbox 777 721 989 805; x_wconf 77' lang='lat' dir='ltr'><strong>subscriptam</strong></span> <span class='ocrx_word' id='word_1_17' title='bbox 1012 721 1110 786; x_wconf 85' lang='lat' dir='ltr'>faciat</span> <span class='ocrx_word' id='word_1_18' title='bbox 1132 722 1395 806; x_wconf 81' lang='lat' dir='ltr'>promissionem:</span> 
     </span>
    </p>

    <p class='ocr_par' dir='ltr' id='par_1_3' title="bbox 342 824 1549 2064">
     <span class='ocr_line' id='line_1_4' title="bbox 429 824 1544 914; baseline 0.002 -26"><span class='ocrx_word' id='word_1_19' title='bbox 429 824 569 888; x_wconf 92' lang='lat' dir='ltr'>Primo</span> <span class='ocrx_word' id='word_1_20' title='bbox 593 826 676 908; x_wconf 91' lang='lat' dir='ltr'>quod</span> <span class='ocrx_word' id='word_1_21' title='bbox 699 830 811 890; x_wconf 87' lang='lat' dir='ltr'>contre</span> <span class='ocrx_word' id='word_1_22' title='bbox 833 825 1065 892; x_wconf 83' lang='lat' dir='ltr'>Conuentorem</span> <span class='ocrx_word' id='word_1_23' title='bbox 1081 825 1180 892; x_wconf 90' lang='lat' dir='ltr'>Bursa</span> <span class='ocrx_word' id='word_1_24' title='bbox 1202 851 1266 893; x_wconf 92' lang='lat' dir='ltr'>non</span> <span class='ocrx_word' id='word_1_25' title='bbox 1294 829 1450 914; x_wconf 77' lang='lat' dir='ltr'>insurgat,</span> <span class='ocrx_word' id='word_1_26' title='bbox 1477 828 1544 891; x_wconf 88' lang='lat' dir='ltr'>eius</span> 
     </span>
     <span class='ocr_line' id='line_1_5' title="bbox 342 929 1545 1016; baseline 0.002 -24"><span class='ocrx_word' id='word_1_27' title='bbox 342 929 548 995; x_wconf 66' lang='lat' dir='ltr'>directionem</span> <span class='ocrx_word' id='word_1_28' title='bbox 571 933 603 992; x_wconf 92' lang='lat' dir='ltr'>et</span> <span class='ocrx_word' id='word_1_29' title='bbox 628 929 890 996; x_wconf 76' lang='lat' dir='ltr'>informacionem</span> <span class='ocrx_word' id='word_1_30' title='bbox 912 933 1074 1016; x_wconf 72' lang='lat' dir='ltr'>pacienter</span> <span class='ocrx_word' id='word_1_31' title='bbox 1097 933 1224 1014; x_wconf 85' lang='lat' dir='ltr'>audiat,</span> <span class='ocrx_word' id='word_1_32' title='bbox 1255 935 1290 999; x_wconf 92' lang='lat' dir='ltr'>in</span> <span class='ocrx_word' id='word_1_33' title='bbox 1313 934 1409 998; x_wconf 90' lang='lat' dir='ltr'>licitis</span> <span class='ocrx_word' id='word_1_34' title='bbox 1432 938 1464 998; x_wconf 90' lang='lat' dir='ltr'>et</span> <span class='ocrx_word' id='word_1_35' title='bbox 1486 932 1545 995; x_wconf 92' lang='lat' dir='ltr'>ho·</span> 
     </span>
     <span class='ocr_line' id='line_1_6' title="bbox 342 1035 1546 1123; baseline 0.001 -25"><span class='ocrx_word' id='word_1_36' title='bbox 342 1036 440 1099; x_wconf 88' lang='lat' dir='ltr'>uestis</span> <span class='ocrx_word' id='word_1_37' title='bbox 467 1035 731 1118; x_wconf 87' lang='lat' dir='ltr'>obtemperando,</span> <span class='ocrx_word' id='word_1_38' title='bbox 763 1037 949 1102; x_wconf 89' lang='lat' dir='ltr'>secundo</span> <span class='ocrx_word' id='word_1_39' title='bbox 986 1037 1070 1121; x_wconf 90' lang='lat' dir='ltr'>quod</span> <span class='ocrx_word' id='word_1_40' title='bbox 1099 1039 1203 1103; x_wconf 86' lang='lat' dir='ltr'>nullas</span> <span class='ocrx_word' id='word_1_41' title='bbox 1235 1039 1485 1123; x_wconf 85' lang='lat' dir='ltr'>conspiraciones</span> <span class='ocrx_word' id='word_1_42' title='bbox 1513 1040 1546 1100; x_wconf 88' lang='lat' dir='ltr'>et</span> 
     </span>
     <span class='ocr_line' id='line_1_7' title="bbox 342 1138 1548 1226; baseline 0 -22"><span class='ocrx_word' id='word_1_43' title='bbox 342 1141 426 1226; x_wconf 85' lang='lat' dir='ltr'>ligas</span> <span class='ocrx_word' id='word_1_44' title='bbox 449 1144 561 1205; x_wconf 84' lang='lat' dir='ltr'>contra</span> <span class='ocrx_word' id='word_1_45' title='bbox 576 1138 809 1205; x_wconf 80' lang='lat' dir='ltr'>Conuentorem</span> <span class='ocrx_word' id='word_1_46' title='bbox 825 1141 931 1219; x_wconf 85' lang='lat' dir='ltr'>faciat,</span> <span class='ocrx_word' id='word_1_47' title='bbox 955 1142 1171 1226; x_wconf 81' lang='lat' dir='ltr'>faciendisque</span> <span class='ocrx_word' id='word_1_48' title='bbox 1193 1143 1375 1210; x_wconf 86' lang='lat' dir='ltr'>nullatenus</span> <span class='ocrx_word' id='word_1_49' title='bbox 1397 1144 1548 1208; x_wconf 88' lang='lat' dir='ltr'>interesse</span> 
     </span>
     <span class='ocr_line' id='line_1_8' title="bbox 344 1245 1547 1329; baseline 0 -21"><span class='ocrx_word' id='word_1_50' title='bbox 344 1245 431 1324; x_wconf 86' lang='lat' dir='ltr'>velit,</span> <span class='ocrx_word' id='word_1_51' title='bbox 454 1246 585 1310; x_wconf 89' lang='lat' dir='ltr'>tercio</span> <span class='ocrx_word' id='word_1_52' title='bbox 608 1245 691 1329; x_wconf 90' lang='lat' dir='ltr'>quod</span> <span class='ocrx_word' id='word_1_53' title='bbox 708 1245 975 1310; x_wconf 70' lang='lat' dir='ltr'>communitatem</span> <span class='ocrx_word' id='word_1_54' title='bbox 991 1247 1091 1312; x_wconf 79' lang='lat' dir='ltr'>Burce</span> <span class='ocrx_word' id='word_1_55' title='bbox 1112 1247 1145 1312; x_wconf 87' lang='lat' dir='ltr'>in</span> <span class='ocrx_word' id='word_1_56' title='bbox 1169 1248 1233 1312; x_wconf 88' lang='lat' dir='ltr'>suis</span> <span class='ocrx_word' id='word_1_57' title='bbox 1249 1247 1445 1326; x_wconf 76' lang='lat' dir='ltr'>utensilibus,</span> <span class='ocrx_word' id='word_1_58' title='bbox 1469 1246 1547 1310; x_wconf 89' lang='lat' dir='ltr'>item</span> 
     </span>
     <span class='ocr_line' id='line_1_9' title="bbox 346 1349 1547 1432; baseline -0.001 -18"><span class='ocrx_word' id='word_1_59' title='bbox 346 1355 379 1414; x_wconf 92' lang='lat' dir='ltr'>et</span> <span class='ocrx_word' id='word_1_60' title='bbox 402 1353 529 1415; x_wconf 90' lang='lat' dir='ltr'>domum</span> <span class='ocrx_word' id='word_1_61' title='bbox 554 1349 656 1432; x_wconf 86' lang='lat' dir='ltr'>ipsam</span> <span class='ocrx_word' id='word_1_62' title='bbox 679 1371 716 1414; x_wconf 90' lang='lat' dir='ltr'>ac</span> <span class='ocrx_word' id='word_1_63' title='bbox 736 1372 826 1414; x_wconf 88' lang='lat' dir='ltr'>suam</span> <span class='ocrx_word' id='word_1_64' title='bbox 850 1350 1082 1418; x_wconf 88' lang='lat' dir='ltr'>habitacionem</span> <span class='ocrx_word' id='word_1_65' title='bbox 1106 1353 1140 1416; x_wconf 89' lang='lat' dir='ltr'>in</span> <span class='ocrx_word' id='word_1_66' title='bbox 1163 1352 1229 1418; x_wconf 88' lang='lat' dir='ltr'>suis</span> <span class='ocrx_word' id='word_1_67' title='bbox 1251 1353 1435 1429; x_wconf 81' lang='lat' dir='ltr'>structuris,</span> <span class='ocrx_word' id='word_1_68' title='bbox 1459 1350 1547 1414; x_wconf 90' lang='lat' dir='ltr'>fene·</span> 
     </span>
     <span class='ocr_line' id='line_1_10' title="bbox 350 1442 1548 1540; baseline -0.003 -20"><span class='ocrx_word' id='word_1_69' title='bbox 350 1457 436 1535; x_wconf 88' lang='lat' dir='ltr'>stris,</span> <span class='ocrx_word' id='word_1_70' title='bbox 461 1442 538 1520; x_wconf 89' lang='lat' dir='ltr'>seris</span> <span class='ocrx_word' id='word_1_71' title='bbox 561 1460 594 1520; x_wconf 91' lang='lat' dir='ltr'>et</span> <span class='ocrx_word' id='word_1_72' title='bbox 616 1457 686 1520; x_wconf 88' lang='lat' dir='ltr'>aliis</span> <span class='ocrx_word' id='word_1_73' title='bbox 709 1478 773 1521; x_wconf 91' lang='lat' dir='ltr'>non</span> <span class='ocrx_word' id='word_1_74' title='bbox 797 1457 881 1522; x_wconf 91' lang='lat' dir='ltr'>ledat</span> <span class='ocrx_word' id='word_1_75' title='bbox 903 1463 959 1522; x_wconf 89' lang='lat' dir='ltr'>ant</span> <span class='ocrx_word' id='word_1_76' title='bbox 980 1459 1170 1523; x_wconf 89' lang='lat' dir='ltr'>damnificet.</span> <span class='ocrx_word' id='word_1_77' title='bbox 1215 1456 1304 1532; x_wconf 83' lang='lat' dir='ltr'>Quod</span> <span class='ocrx_word' id='word_1_78' title='bbox 1332 1457 1359 1520; x_wconf 91' lang='lat' dir='ltr'>si</span> <span class='ocrx_word' id='word_1_79' title='bbox 1382 1456 1548 1540; x_wconf 80' lang='lat' dir='ltr'>quitquam</span> 
     </span>
     <span class='ocr_line' id='line_1_11' title="bbox 344 1543 1543 1638; baseline -0.002 -12"><span class='ocrx_word' id='word_1_80' title='bbox 344 1562 381 1626; x_wconf 91' lang='lat' dir='ltr'>de</span> <span class='ocrx_word' id='word_1_81' title='bbox 404 1561 607 1638; x_wconf 80' lang='lat' dir='ltr'>utensilibus,</span> <span class='ocrx_word' id='word_1_82' title='bbox 642 1561 789 1626; x_wconf 88' lang='lat' dir='ltr'>fenestris</span> <span class='ocrx_word' id='word_1_83' title='bbox 822 1562 899 1626; x_wconf 87' lang='lat' dir='ltr'>seris</span> <span class='ocrx_word' id='word_1_84' title='bbox 930 1566 986 1627; x_wconf 89' lang='lat' dir='ltr'>aut</span> <span class='ocrx_word' id='word_1_85' title='bbox 1020 1563 1091 1630; x_wconf 88' lang='lat' dir='ltr'>aliis</span> <span class='ocrx_word' id='word_1_86' title='bbox 1114 1561 1282 1628; x_wconf 87' lang='lat' dir='ltr'>structuris</span> <span class='ocrx_word' id='word_1_87' title='bbox 1304 1561 1412 1626; x_wconf 87' lang='lat' dir='ltr'>leserit</span> <span class='ocrx_word' id='word_1_88' title='bbox 1435 1543 1543 1625; x_wconf 81' lang='lat' dir='ltr'>corrn-</span> 
     </span>
     <span class='ocr_line' id='line_1_12' title="bbox 345 1662 1548 1750; baseline -0.002 -20"><span class='ocrx_word' id='word_1_89' title='bbox 345 1667 429 1750; x_wconf 89' lang='lat' dir='ltr'>perit</span> <span class='ocrx_word' id='word_1_90' title='bbox 451 1668 507 1730; x_wconf 88' lang='lat' dir='ltr'>aut</span> <span class='ocrx_word' id='word_1_91' title='bbox 529 1665 756 1749; x_wconf 86' lang='lat' dir='ltr'>deturpauerit,</span> <span class='ocrx_word' id='word_1_92' title='bbox 780 1666 863 1748; x_wconf 90' lang='lat' dir='ltr'>quod</span> <span class='ocrx_word' id='word_1_93' title='bbox 880 1669 995 1731; x_wconf 85' lang='lat' dir='ltr'>extunc</span> <span class='ocrx_word' id='word_1_94' title='bbox 1012 1665 1094 1731; x_wconf 91' lang='lat' dir='ltr'>bona</span> <span class='ocrx_word' id='word_1_95' title='bbox 1115 1667 1177 1732; x_wconf 90' lang='lat' dir='ltr'>fide</span> <span class='ocrx_word' id='word_1_96' title='bbox 1192 1668 1260 1733; x_wconf 94' lang='lat' dir='ltr'>loco</span> <span class='ocrx_word' id='word_1_97' title='bbox 1276 1665 1447 1731; x_wconf 88' lang='lat' dir='ltr'>iuramenti</span> <span class='ocrx_word' id='word_1_98' title='bbox 1463 1662 1548 1730; x_wconf 86' lang='lat' dir='ltr'>infra</span> 
     </span>
     <span class='ocr_line' id='line_1_13' title="bbox 346 1767 1547 1856; baseline -0.003 -20"><span class='ocrx_word' id='word_1_99' title='bbox 346 1771 428 1836; x_wconf 92' lang='lat' dir='ltr'>diem</span> <span class='ocrx_word' id='word_1_100' title='bbox 451 1769 639 1848; x_wconf 83' lang='lat' dir='ltr'>naturalem,</span> <span class='ocrx_word' id='word_1_101' title='bbox 663 1770 735 1834; x_wconf 92' lang='lat' dir='ltr'>dum</span> <span class='ocrx_word' id='word_1_102' title='bbox 753 1793 785 1834; x_wconf 89' lang='lat' dir='ltr'>se</span> <span class='ocrx_word' id='word_1_103' title='bbox 809 1770 858 1854; x_wconf 82' lang='lat' dir='ltr'>(vt</span> <span class='ocrx_word' id='word_1_104' title='bbox 872 1772 1043 1856; x_wconf 80' lang='lat' dir='ltr'>prefertur)</span> <span class='ocrx_word' id='word_1_105' title='bbox 1068 1772 1235 1837; x_wconf 84' lang='lat' dir='ltr'>excessisse</span> <span class='ocrx_word' id='word_1_106' title='bbox 1250 1770 1441 1850; x_wconf 88' lang='lat' dir='ltr'>discusserit,</span> <span class='ocrx_word' id='word_1_107' title='bbox 1465 1767 1547 1832; x_wconf 62' lang='lat' dir='ltr'>Con*</span> 
     </span>
     <span class='ocr_line' id='line_1_14' title="bbox 345 1874 1549 1960; baseline -0.003 -20"><span class='ocrx_word' id='word_1_108' title='bbox 345 1877 470 1942; x_wconf 91' lang='lat' dir='ltr'>uentori</span> <span class='ocrx_word' id='word_1_109' title='bbox 495 1876 595 1940; x_wconf 84' lang='lat' dir='ltr'>Bursa</span> <span class='ocrx_word' id='word_1_110' title='bbox 617 1897 650 1939; x_wconf 91' lang='lat' dir='ltr'>se</span> <span class='ocrx_word' id='word_1_111' title='bbox 672 1875 777 1960; x_wconf 89' lang='lat' dir='ltr'>ipsum</span> <span class='ocrx_word' id='word_1_112' title='bbox 800 1875 996 1960; x_wconf 87' lang='lat' dir='ltr'>presentabit</span> <span class='ocrx_word' id='word_1_113' title='bbox 1017 1881 1049 1941; x_wconf 91' lang='lat' dir='ltr'>et</span> <span class='ocrx_word' id='word_1_114' title='bbox 1071 1877 1284 1952; x_wconf 89' lang='lat' dir='ltr'>denunciabit,</span> <span class='ocrx_word' id='word_1_115' title='bbox 1308 1876 1354 1940; x_wconf 89' lang='lat' dir='ltr'>sic</span> <span class='ocrx_word' id='word_1_116' title='bbox 1377 1874 1461 1958; x_wconf 93' lang='lat' dir='ltr'>quod</span> <span class='ocrx_word' id='word_1_117' title='bbox 1483 1874 1549 1937; x_wconf 84' lang='lat' dir='ltr'>lesa</span> 
     </span>
     <span class='ocr_line' id='line_1_15' title="bbox 346 1979 1511 2064; baseline -0.003 -19"><span class='ocrx_word' id='word_1_118' title='bbox 346 1980 449 2046; x_wconf 88' lang='lat' dir='ltr'>fracta</span> <span class='ocrx_word' id='word_1_119' title='bbox 471 1984 527 2045; x_wconf 90' lang='lat' dir='ltr'>aut</span> <span class='ocrx_word' id='word_1_120' title='bbox 550 1980 716 2064; x_wconf 86' lang='lat' dir='ltr'>deturpata</span> <span class='ocrx_word' id='word_1_121' title='bbox 739 1982 828 2046; x_wconf 85' lang='lat' dir='ltr'>iuxta</span> <span class='ocrx_word' id='word_1_122' title='bbox 850 1981 994 2046; x_wconf 87' lang='lat' dir='ltr'>Rectoris</span> <span class='ocrx_word' id='word_1_123' title='bbox 1016 1982 1109 2048; x_wconf 90' lang='lat' dir='ltr'>burse</span> <span class='ocrx_word' id='word_1_124' title='bbox 1132 1983 1299 2048; x_wconf 88' lang='lat' dir='ltr'>arbitrium</span> <span class='ocrx_word' id='word_1_125' title='bbox 1322 1979 1511 2046; x_wconf 86' lang='lat' dir='ltr'>emendabit.</span> 
     </span>
    </p>

    <p class='ocr_par' dir='ltr' id='par_1_4' title="bbox 347 2083 1550 2466">
     <span class='ocr_line' id='line_1_16' title="bbox 436 2083 1549 2171; baseline -0.002 -23"><span class='ocrx_word' id='word_1_126' title='bbox 436 2090 486 2150; x_wconf 91' lang='grc'>76.</span> <span class='ocrx_word' id='word_1_127' title='bbox 512 2083 661 2171; x_wconf 84' lang='lat' dir='ltr'>Amplius</span> <span class='ocrx_word' id='word_1_128' title='bbox 684 2086 798 2151; x_wconf 86' lang='lat' dir='ltr'>statuit</span> <span class='ocrx_word' id='word_1_129' title='bbox 821 2087 890 2170; x_wconf 88' lang='lat' dir='ltr'>ipsa</span> <span class='ocrx_word' id='word_1_130' title='bbox 912 2087 1056 2167; x_wconf 87' lang='lat' dir='ltr'>facultas,</span> <span class='ocrx_word' id='word_1_131' title='bbox 1081 2089 1164 2171; x_wconf 88' lang='lat' dir='ltr'>quod</span> <span class='ocrx_word' id='word_1_132' title='bbox 1187 2089 1294 2152; x_wconf 92' lang='lat' dir='ltr'>nullus</span> <span class='ocrx_word' id='word_1_133' title='bbox 1315 2087 1433 2152; x_wconf 80' lang='lat' dir='ltr'>Rector</span> <span class='ocrx_word' id='word_1_134' title='bbox 1448 2083 1549 2148; x_wconf 88' lang='lat' dir='ltr'>Burse</span> 
     </span>
     <span class='ocr_line' id='line_1_17' title="bbox 347 2188 1550 2274; baseline -0.002 -20"><span class='ocrx_word' id='word_1_135' title='bbox 347 2191 482 2256; x_wconf 90' lang='lat' dir='ltr'>scienter</span> <span class='ocrx_word' id='word_1_136' title='bbox 503 2191 641 2274; x_wconf 89' lang='lat' dir='ltr'>aliquem</span> <span class='ocrx_word' id='word_1_137' title='bbox 676 2213 757 2256; x_wconf 89' lang='lat' dir='ltr'>non</span> <span class='ocrx_word' id='word_1_138' title='bbox 789 2192 1075 2258; x_wconf 87' lang='lat' dir='ltr'>intitulatum</span> <span class='ocrx_word' id='word_1_139' title='bbox 1098 2193 1329 2258; x_wconf 86' lang='lat' dir='ltr'>Matricule</span> <span class='ocrx_word' id='word_1_140' title='bbox 1351 2191 1445 2255; x_wconf 89' lang='lat' dir='ltr'>huius</span> <span class='ocrx_word' id='word_1_141' title='bbox 1467 2188 1550 2253; x_wconf 85' lang='lat' dir='ltr'>alma</span> 
     </span>
     <span class='ocr_line' id='line_1_18' title="bbox 347 2294 1550 2380; baseline -0.004 -20"><span class='ocrx_word' id='word_1_142' title='bbox 347 2295 574 2362; x_wconf 86' lang='lat' dir='ltr'>Vniuersitatis</span> <span class='ocrx_word' id='word_1_143' title='bbox 596 2297 631 2361; x_wconf 91' lang='lat' dir='ltr'>in</span> <span class='ocrx_word' id='word_1_144' title='bbox 655 2296 753 2362; x_wconf 89' lang='lat' dir='ltr'>bursa</span> <span class='ocrx_word' id='word_1_145' title='bbox 773 2319 830 2362; x_wconf 87' lang='lat' dir='ltr'>sua</span> <span class='ocrx_word' id='word_1_146' title='bbox 852 2299 937 2364; x_wconf 84' lang='lat' dir='ltr'>vltra</span> <span class='ocrx_word' id='word_1_147' title='bbox 958 2303 1029 2364; x_wconf 91' lang='lat' dir='ltr'>octo</span> <span class='ocrx_word' id='word_1_148' title='bbox 1045 2299 1111 2363; x_wconf 89' lang='lat' dir='ltr'>dies</span> <span class='ocrx_word' id='word_1_149' title='bbox 1127 2298 1244 2376; x_wconf 86' lang='lat' dir='ltr'>foueat,</span> <span class='ocrx_word' id='word_1_150' title='bbox 1268 2297 1328 2362; x_wconf 89' lang='lat' dir='ltr'>sub</span> <span class='ocrx_word' id='word_1_151' title='bbox 1350 2316 1434 2380; x_wconf 86' lang='lat' dir='ltr'>pena</span> <span class='ocrx_word' id='word_1_152' title='bbox 1457 2294 1550 2357; x_wconf 84' lang='lat' dir='ltr'>vnius</span> 
     </span>
     <span class='ocr_line' id='line_1_19' title="bbox 347 2401 467 2466; baseline -0.008 0"><span class='ocrx_word' id='word_1_153' title='bbox 347 2401 467 2466; x_wconf 87' lang='lat' dir='ltr'>floreni.</span> 
     </span>
    </p>

    <p class='ocr_par' dir='ltr' id='par_1_5' title="bbox 348 2505 1640 3535">
     <span class='ocr_line' id='line_1_20' title="bbox 437 2505 1551 2592; baseline -0.001 -23"><span class='ocrx_word' id='word_1_154' title='bbox 437 2511 476 2569; x_wconf 94' lang='grc'>77</span> <span class='ocrx_word' id='word_1_155' title='bbox 483 2558 489 2570; x_wconf 94' lang='grc'><strong>.</strong></span> <span class='ocrx_word' id='word_1_156' title='bbox 512 2506 594 2572; x_wconf 87' lang='lat' dir='ltr'>Item</span> <span class='ocrx_word' id='word_1_157' title='bbox 618 2508 698 2591; x_wconf 91' lang='lat' dir='ltr'>quod</span> <span class='ocrx_word' id='word_1_158' title='bbox 723 2508 937 2574; x_wconf 83' lang='lat' dir='ltr'>Conuentores</span> <span class='ocrx_word' id='word_1_159' title='bbox 959 2513 1129 2574; x_wconf 83' lang='lat' dir='ltr'>teneantur</span> <span class='ocrx_word' id='word_1_160' title='bbox 1157 2508 1377 2592; x_wconf 82' lang='lat' dir='ltr'>expellere</span> <span class='ocrx_word' id='word_1_161' title='bbox 1406 2505 1551 2570; x_wconf 87' lang='lat' dir='ltr'>aBurss</span> 
     </span>
     <span class='ocr_line' id='line_1_21' title="bbox 354 2609 1551 2700; baseline 0 -26"><span class='ocrx_word' id='word_1_162' title='bbox 354 2611 498 2696; x_wconf 87' lang='lat' dir='ltr'>publicos</span> <span class='ocrx_word' id='word_1_163' title='bbox 511 2611 631 2676; x_wconf 87' lang='lat' dir='ltr'>lusores</span> <span class='ocrx_word' id='word_1_164' title='bbox 646 2617 678 2676; x_wconf 89' lang='lat' dir='ltr'>ct</span> <span class='ocrx_word' id='word_1_165' title='bbox 693 2614 922 2678; x_wconf 85' lang='lat' dir='ltr'>meretricarios</span> <span class='ocrx_word' id='word_1_166' title='bbox 938 2614 997 2678; x_wconf 87' lang='lat' dir='ltr'>sub</span> <span class='ocrx_word' id='word_1_167' title='bbox 1012 2636 1094 2698; x_wconf 87' lang='lat' dir='ltr'>pena</span> <span class='ocrx_word' id='word_1_168' title='bbox 1109 2614 1285 2678; x_wconf 87' lang='lat' dir='ltr'>amissionis</span> <span class='ocrx_word' id='word_1_169' title='bbox 1308 2612 1462 2700; x_wconf 77' lang='lat' dir='ltr'>regencie.</span> <span class='ocrx_word' id='word_1_170' title='bbox 1500 2609 1551 2675; x_wconf 84' lang='lat' dir='ltr'>Si·</span> 
     </span>
     <span class='ocr_line' id='line_1_22' title="bbox 350 2716 1551 2803; baseline -0.002 -23"><span class='ocrx_word' id='word_1_171' title='bbox 350 2717 469 2782; x_wconf 88' lang='lat' dir='ltr'>militer</span> <span class='ocrx_word' id='word_1_172' title='bbox 493 2716 708 2783; x_wconf 86' lang='lat' dir='ltr'>inobedientes</span> <span class='ocrx_word' id='word_1_173' title='bbox 724 2718 858 2784; x_wconf 86' lang='lat' dir='ltr'>rebelles</span> <span class='ocrx_word' id='word_1_174' title='bbox 881 2723 913 2784; x_wconf 93' lang='lat' dir='ltr'>et</span> <span class='ocrx_word' id='word_1_175' title='bbox 935 2719 1068 2785; x_wconf 88' lang='lat' dir='ltr'>discolos</span> <span class='ocrx_word' id='word_1_176' title='bbox 1091 2724 1123 2784; x_wconf 92' lang='lat' dir='ltr'>et</span> <span class='ocrx_word' id='word_1_177' title='bbox 1138 2719 1285 2803; x_wconf 87' lang='lat' dir='ltr'>precipue</span> <span class='ocrx_word' id='word_1_178' title='bbox 1306 2718 1375 2796; x_wconf 89' lang='lat' dir='ltr'>hos,</span> <span class='ocrx_word' id='word_1_179' title='bbox 1399 2717 1454 2800; x_wconf 93' lang='lat' dir='ltr'>qui</span> <span class='ocrx_word' id='word_1_180' title='bbox 1476 2735 1551 2780; x_wconf 89' lang='lat' dir='ltr'>con·</span> 
     </span>
     <span class='ocr_line' id='line_1_23' title="bbox 348 2821 1640 2914; baseline -0.001 -30"><span class='ocrx_word' id='word_1_181' title='bbox 348 2821 540 2905; x_wconf 83' lang='lat' dir='ltr'>spiraciones</span> <span class='ocrx_word' id='word_1_182' title='bbox 573 2822 743 2888; x_wconf 86' lang='lat' dir='ltr'>discordias</span> <span class='ocrx_word' id='word_1_183' title='bbox 773 2829 829 2888; x_wconf 90' lang='lat' dir='ltr'>aut</span> <span class='ocrx_word' id='word_1_184' title='bbox 857 2825 921 2889; x_wconf 86' lang='lat' dir='ltr'>alic</span> <span class='ocrx_word' id='word_1_185' title='bbox 953 2825 1066 2890; x_wconf 91' lang='lat' dir='ltr'>illicita</span> <span class='ocrx_word' id='word_1_186' title='bbox 1089 2825 1122 2888; x_wconf 90' lang='lat' dir='ltr'>in</span> <span class='ocrx_word' id='word_1_187' title='bbox 1145 2825 1248 2889; x_wconf 88' lang='lat' dir='ltr'>bursis</span> <span class='ocrx_word' id='word_1_188' title='bbox 1271 2825 1429 2898; x_wconf 86' lang='lat' dir='ltr'>excitant,</span> <span class='ocrx_word' id='word_1_189' title='bbox 1459 2821 1551 2885; x_wconf 90' lang='lat' dir='ltr'>dnm·</span> <span class='ocrx_word' id='word_1_190' title='bbox 1637 2906 1640 2914; x_wconf 19' lang='grc' dir='ltr'><strong>Α</strong></span> 
     </span>
     <span class='ocr_line' id='line_1_24' title="bbox 349 2925 1552 3012; baseline -0.001 -24"><span class='ocrx_word' id='word_1_191' title='bbox 349 2926 442 2990; x_wconf 92' lang='lat' dir='ltr'>modo</span> <span class='ocrx_word' id='word_1_192' title='bbox 474 2927 588 2990; x_wconf 91' lang='lat' dir='ltr'>moniti</span> <span class='ocrx_word' id='word_1_193' title='bbox 621 2948 685 2993; x_wconf 90' lang='lat' dir='ltr'>non</span> <span class='ocrx_word' id='word_1_194' title='bbox 717 2929 898 2993; x_wconf 89' lang='lat' dir='ltr'>destiterint</span> <span class='ocrx_word' id='word_1_195' title='bbox 930 2931 967 2994; x_wconf 89' lang='lat' dir='ltr'>de</span> <span class='ocrx_word' id='word_1_196' title='bbox 990 2930 1100 2995; x_wconf 89' lang='lat' dir='ltr'>Bursis</span> <span class='ocrx_word' id='word_1_197' title='bbox 1132 2930 1297 2994; x_wconf 85' lang='lat' dir='ltr'>dimittant</span> <span class='ocrx_word' id='word_1_198' title='bbox 1329 2932 1361 2992; x_wconf 88' lang='lat' dir='ltr'>et</span> <span class='ocrx_word' id='word_1_199' title='bbox 1391 2925 1552 3012; x_wconf 83' lang='lat' dir='ltr'>expellant</span> 
     </span>
     <span class='ocr_line' id='line_1_25' title="bbox 349 3031 1553 3118; baseline -0.001 -25"><span class='ocrx_word' id='word_1_200' title='bbox 349 3051 421 3093; x_wconf 92' lang='lat' dir='ltr'>cum</span> <span class='ocrx_word' id='word_1_201' title='bbox 444 3031 577 3108; x_wconf 87' lang='lat' dir='ltr'>effectu,</span> <span class='ocrx_word' id='word_1_202' title='bbox 609 3031 671 3096; x_wconf 90' lang='lat' dir='ltr'>isto</span> <span class='ocrx_word' id='word_1_203' title='bbox 693 3033 799 3110; x_wconf 90' lang='lat' dir='ltr'>saluo,</span> <span class='ocrx_word' id='word_1_204' title='bbox 827 3034 909 3117; x_wconf 87' lang='lat' dir='ltr'>quod</span> <span class='ocrx_word' id='word_1_205' title='bbox 933 3035 1035 3100; x_wconf 84' lang='lat' dir='ltr'>sicvt</span> <span class='ocrx_word' id='word_1_206' title='bbox 1057 3035 1215 3118; x_wconf 86' lang='lat' dir='ltr'>prefertur</span> <span class='ocrx_word' id='word_1_207' title='bbox 1237 3033 1360 3118; x_wconf 83' lang='lat' dir='ltr'>expulsi</span> <span class='ocrx_word' id='word_1_208' title='bbox 1383 3032 1553 3097; x_wconf 88' lang='lat' dir='ltr'>teneantur</span> 
     </span>
     <span class='ocr_line' id='line_1_26' title="bbox 352 3134 1552 3223; baseline 0 -25"><span class='ocrx_word' id='word_1_209' title='bbox 352 3134 560 3200; x_wconf 88' lang='lat' dir='ltr'>nihilominus</span> <span class='ocrx_word' id='word_1_210' title='bbox 583 3157 711 3201; x_wconf 86' lang='lat' dir='ltr'>censum</span> <span class='ocrx_word' id='word_1_211' title='bbox 733 3139 843 3203; x_wconf 90' lang='lat' dir='ltr'>domus</span> <span class='ocrx_word' id='word_1_212' title='bbox 859 3139 991 3223; x_wconf 85' lang='lat' dir='ltr'>lignalia</span> <span class='ocrx_word' id='word_1_213' title='bbox 1013 3147 1046 3204; x_wconf 88' lang='lat' dir='ltr'>et</span> <span class='ocrx_word' id='word_1_214' title='bbox 1067 3139 1130 3204; x_wconf 87' lang='lat' dir='ltr'>alia</span> <span class='ocrx_word' id='word_1_215' title='bbox 1151 3161 1204 3203; x_wconf 90' lang='lat' dir='ltr'>eos</span> <span class='ocrx_word' id='word_1_216' title='bbox 1226 3138 1397 3203; x_wconf 90' lang='lat' dir='ltr'>secundum</span> <span class='ocrx_word' id='word_1_217' title='bbox 1419 3155 1552 3201; x_wconf 88' lang='lat' dir='ltr'>consue-</span> 
     </span>
     <span class='ocr_line' id='line_1_27' title="bbox 350 3241 1554 3329; baseline -0.002 -25"><span class='ocrx_word' id='word_1_218' title='bbox 350 3241 495 3305; x_wconf 91' lang='lat' dir='ltr'>tudinem</span> <span class='ocrx_word' id='word_1_219' title='bbox 518 3241 692 3307; x_wconf 88' lang='lat' dir='ltr'>Bursarum</span> <span class='ocrx_word' id='word_1_220' title='bbox 723 3247 756 3308; x_wconf 89' lang='lat' dir='ltr'>et</span> <span class='ocrx_word' id='word_1_221' title='bbox 777 3267 835 3328; x_wconf 92' lang='lat' dir='ltr'>pro</span> <span class='ocrx_word' id='word_1_222' title='bbox 858 3245 1037 3309; x_wconf 88' lang='lat' dir='ltr'>mutacione</span> <span class='ocrx_word' id='word_1_223' title='bbox 1060 3243 1298 3329; x_wconf 87' lang='lat' dir='ltr'>contingencia,</span> <span class='ocrx_word' id='word_1_224' title='bbox 1330 3243 1470 3326; x_wconf 87' lang='lat' dir='ltr'>aliasque</span> <span class='ocrx_word' id='word_1_225' title='bbox 1493 3260 1554 3324; x_wconf 88' lang='lat' dir='ltr'>pro</span> 
     </span>
     <span class='ocr_line' id='line_1_28' title="bbox 350 3344 1555 3434; baseline -0.002 -24"><span class='ocrx_word' id='word_1_226' title='bbox 350 3345 472 3410; x_wconf 87' lang='lat' dir='ltr'>actibus</span> <span class='ocrx_word' id='word_1_227' title='bbox 494 3344 671 3411; x_wconf 83' lang='lat' dir='ltr'>Scolasticis</span> <span class='ocrx_word' id='word_1_228' title='bbox 704 3347 792 3411; x_wconf 84' lang='lat' dir='ltr'>iuxta</span> <span class='ocrx_word' id='word_1_229' title='bbox 820 3352 925 3412; x_wconf 87' lang='lat' dir='ltr'>ratum</span> <span class='ocrx_word' id='word_1_230' title='bbox 955 3348 1106 3432; x_wconf 88' lang='lat' dir='ltr'>temporis</span> <span class='ocrx_word' id='word_1_231' title='bbox 1137 3349 1171 3411; x_wconf 91' lang='lat' dir='ltr'>in</span> <span class='ocrx_word' id='word_1_232' title='bbox 1203 3371 1317 3434; x_wconf 88' lang='lat' dir='ltr'>penam</span> <span class='ocrx_word' id='word_1_233' title='bbox 1348 3367 1477 3410; x_wconf 91' lang='lat' dir='ltr'>suorum</span> <span class='ocrx_word' id='word_1_234' title='bbox 1499 3365 1555 3408; x_wconf 87' lang='lat' dir='ltr'>ex·</span> 
     </span>
     <span class='ocr_line' id='line_1_29' title="bbox 353 3454 706 3535; baseline 0.003 -20"><span class='ocrx_word' id='word_1_235' title='bbox 353 3470 496 3515; x_wconf 89' lang='lat' dir='ltr'>cessuum</span> <span class='ocrx_word' id='word_1_236' title='bbox 519 3454 706 3535; x_wconf 90' lang='lat' dir='ltr'>persoluere.</span> 
     </span>
    </p>

    <p class='ocr_par' dir='ltr' id='par_1_6' title="bbox 350 3555 1557 4063">
     <span class='ocr_line' id='line_1_30' title="bbox 440 3555 1555 3643; baseline 0 -24"><span class='ocrx_word' id='word_1_237' title='bbox 440 3561 490 3620; x_wconf 86' lang='grc'>78.</span> <span class='ocrx_word' id='word_1_238' title='bbox 515 3555 598 3622; x_wconf 88' lang='lat' dir='ltr'>Item</span> <span class='ocrx_word' id='word_1_239' title='bbox 620 3558 742 3635; x_wconf 84' lang='lat' dir='ltr'>statuit,</span> <span class='ocrx_word' id='word_1_240' title='bbox 766 3559 849 3640; x_wconf 90' lang='lat' dir='ltr'>quod</span> <span class='ocrx_word' id='word_1_241' title='bbox 872 3581 891 3622; x_wconf 91' lang='lat' dir='ltr'>a</span> <span class='ocrx_word' id='word_1_242' title='bbox 913 3556 1023 3622; x_wconf 89' lang='lat' dir='ltr'>Bursis</span> <span class='ocrx_word' id='word_1_243' title='bbox 1046 3563 1175 3643; x_wconf 89' lang='lat' dir='ltr'>propter</span> <span class='ocrx_word' id='word_1_244' title='bbox 1197 3559 1297 3624; x_wconf 88' lang='lat' dir='ltr'>dictas</span> <span class='ocrx_word' id='word_1_245' title='bbox 1321 3563 1353 3623; x_wconf 89' lang='lat' dir='ltr'>et</span> <span class='ocrx_word' id='word_1_246' title='bbox 1374 3557 1555 3622; x_wconf 90' lang='lat' dir='ltr'>consimiles</span> 
     </span>
     <span class='ocr_line' id='line_1_31' title="bbox 351 3660 1554 3748; baseline -0.002 -23"><span class='ocrx_word' id='word_1_247' title='bbox 351 3681 458 3726; x_wconf 79' lang='lat' dir='ltr'>causas</span> <span class='ocrx_word' id='word_1_248' title='bbox 474 3663 596 3746; x_wconf 83' lang='lat' dir='ltr'>expulsi</span> <span class='ocrx_word' id='word_1_249' title='bbox 620 3664 664 3728; x_wconf 88' lang='lat' dir='ltr'>ad</span> <span class='ocrx_word' id='word_1_250' title='bbox 687 3664 816 3727; x_wconf 89' lang='lat' dir='ltr'>aliam</span> <span class='ocrx_word' id='word_1_251' title='bbox 838 3663 1020 3728; x_wconf 85' lang='lat' dir='ltr'>nullatenus</span> <span class='ocrx_word' id='word_1_252' title='bbox 1036 3664 1239 3748; x_wconf 88' lang='lat' dir='ltr'>recipiantur,</span> <span class='ocrx_word' id='word_1_253' title='bbox 1264 3663 1327 3727; x_wconf 88' lang='lat' dir='ltr'>nisi</span> <span class='ocrx_word' id='word_1_254' title='bbox 1342 3663 1457 3727; x_wconf 83' lang='lat' dir='ltr'>ltector</span> <span class='ocrx_word' id='word_1_255' title='bbox 1472 3660 1554 3726; x_wconf 86' lang='lat' dir='ltr'>Vni·</span> 
     </span>
     <span class='ocr_line' id='line_1_32' title="bbox 350 3767 1557 3852; baseline 0.001 -21"><span class='ocrx_word' id='word_1_256' title='bbox 350 3767 513 3832; x_wconf 89' lang='lat' dir='ltr'>uersitatis</span> <span class='ocrx_word' id='word_1_257' title='bbox 528 3789 589 3831; x_wconf 81' lang='lat' dir='ltr'>vna</span> <span class='ocrx_word' id='word_1_258' title='bbox 604 3789 675 3832; x_wconf 90' lang='lat' dir='ltr'>cnm</span> <span class='ocrx_word' id='word_1_259' title='bbox 691 3773 826 3852; x_wconf 85' lang='lat' dir='ltr'>quatuor</span> <span class='ocrx_word' id='word_1_260' title='bbox 841 3770 1030 3834; x_wconf 84' lang='lat' dir='ltr'>facultatum</span> <span class='ocrx_word' id='word_1_261' title='bbox 1046 3771 1180 3834; x_wconf 87' lang='lat' dir='ltr'>decanus</span> <span class='ocrx_word' id='word_1_262' title='bbox 1197 3770 1394 3834; x_wconf 88' lang='lat' dir='ltr'>decreuerint</span> <span class='ocrx_word' id='word_1_263' title='bbox 1416 3789 1467 3832; x_wconf 90' lang='lat' dir='ltr'>eos</span> <span class='ocrx_word' id='word_1_264' title='bbox 1489 3767 1557 3832; x_wconf 86' lang='lat' dir='ltr'>fore</span> 
     </span>
     <span class='ocr_line' id='line_1_33' title="bbox 354 3871 1554 3961; baseline -0.003 -23"><span class='ocrx_word' id='word_1_265' title='bbox 354 3874 559 3958; x_wconf 89' lang='lat' dir='ltr'>recipiendos.</span> <span class='ocrx_word' id='word_1_266' title='bbox 606 3873 759 3956; x_wconf 83' lang='lat' dir='ltr'>Alioquin</span> <span class='ocrx_word' id='word_1_267' title='bbox 783 3897 834 3940; x_wconf 90' lang='lat' dir='ltr'>eos</span> <span class='ocrx_word' id='word_1_268' title='bbox 857 3875 1011 3960; x_wconf 88' lang='lat' dir='ltr'>recipiens</span> <span class='ocrx_word' id='word_1_269' title='bbox 1035 3899 1054 3940; x_wconf 84' lang='lat' dir='ltr'>a</span> <span class='ocrx_word' id='word_1_270' title='bbox 1076 3875 1231 3961; x_wconf 83' lang='lat' dir='ltr'>regimine</span> <span class='ocrx_word' id='word_1_271' title='bbox 1254 3875 1355 3940; x_wconf 84' lang='lat' dir='ltr'>Bursa</span> <span class='ocrx_word' id='word_1_272' title='bbox 1376 3874 1446 3958; x_wconf 89' lang='lat' dir='ltr'>ipso</span> <span class='ocrx_word' id='word_1_273' title='bbox 1469 3871 1554 3936; x_wconf 84' lang='lat' dir='ltr'>facto</span> 
     </span>
     <span class='ocr_line' id='line_1_34' title="bbox 354 3979 598 4063; baseline 0.004 -21"><span class='ocrx_word' id='word_1_274' title='bbox 354 3979 396 4043; x_wconf 90' lang='lat' dir='ltr'>sit</span> <span class='ocrx_word' id='word_1_275' title='bbox 419 4001 598 4063; x_wconf 87' lang='lat' dir='ltr'>suspensus.</span> 
     </span>
    </p>

    <p class='ocr_par' dir='ltr' id='par_1_7' title="bbox 353 4082 1559 4382">
     <span class='ocr_line' id='line_1_35' title="bbox 441 4082 1559 4151; baseline -0.004 -2"><span class='ocrx_word' id='word_1_276' title='bbox 441 4090 491 4149; x_wconf 87' lang='grc'>79.</span> <span class='ocrx_word' id='word_1_277' title='bbox 515 4085 599 4150; x_wconf 88' lang='lat' dir='ltr'>Item</span> <span class='ocrx_word' id='word_1_278' title='bbox 623 4086 728 4150; x_wconf 88' lang='lat' dir='ltr'>nullus</span> <span class='ocrx_word' id='word_1_279' title='bbox 751 4083 893 4151; x_wconf 89' lang='lat' dir='ltr'>Bursalis</span> <span class='ocrx_word' id='word_1_280' title='bbox 916 4107 994 4151; x_wconf 89' lang='lat' dir='ltr'>ausu</span> <span class='ocrx_word' id='word_1_281' title='bbox 1018 4088 1187 4150; x_wconf 90' lang='lat' dir='ltr'>temerario</span> <span class='ocrx_word' id='word_1_282' title='bbox 1211 4108 1282 4150; x_wconf 91' lang='lat' dir='ltr'>cum</span> <span class='ocrx_word' id='word_1_283' title='bbox 1305 4107 1361 4150; x_wconf 93' lang='lat' dir='ltr'>suo</span> <span class='ocrx_word' id='word_1_284' title='bbox 1386 4082 1559 4150; x_wconf 87' lang='lat' dir='ltr'>contendat</span> 
     </span>
     <span class='ocr_line' id='line_1_36' title="bbox 355 4187 1558 4274; baseline -0.002 -20"><span class='ocrx_word' id='word_1_285' title='bbox 355 4187 553 4256; x_wconf 85' lang='lat' dir='ltr'>Conuentore</span> <span class='ocrx_word' id='word_1_286' title='bbox 576 4196 632 4257; x_wconf 90' lang='lat' dir='ltr'>aut</span> <span class='ocrx_word' id='word_1_287' title='bbox 654 4191 795 4258; x_wconf 87' lang='lat' dir='ltr'>convicia</span> <span class='ocrx_word' id='word_1_288' title='bbox 816 4193 866 4257; x_wconf 82' lang='lat' dir='ltr'>vel</span> <span class='ocrx_word' id='word_1_289' title='bbox 890 4193 952 4256; x_wconf 88' lang='lat' dir='ltr'>alia</span> <span class='ocrx_word' id='word_1_290' title='bbox 967 4191 1120 4256; x_wconf 86' lang='lat' dir='ltr'>offensiua</span> <span class='ocrx_word' id='word_1_291' title='bbox 1143 4192 1176 4255; x_wconf 93' lang='lat' dir='ltr'>in</span> <span class='ocrx_word' id='word_1_292' title='bbox 1200 4190 1332 4274; x_wconf 88' lang='lat' dir='ltr'>publico</span> <span class='ocrx_word' id='word_1_293' title='bbox 1358 4189 1408 4254; x_wconf 86' lang='lat' dir='ltr'>vel</span> <span class='ocrx_word' id='word_1_294' title='bbox 1432 4188 1558 4274; x_wconf 89' lang='lat' dir='ltr'>priuato</span> 
     </span>
     <span class='ocr_line' id='line_1_37' title="bbox 353 4295 980 4382; baseline 0.002 -23"><span class='ocrx_word' id='word_1_295' title='bbox 353 4295 382 4360; x_wconf 92' lang='lat' dir='ltr'>ei</span> <span class='ocrx_word' id='word_1_296' title='bbox 407 4295 501 4372; x_wconf 89' lang='lat' dir='ltr'>dicat,</span> <span class='ocrx_word' id='word_1_297' title='bbox 525 4297 585 4361; x_wconf 89' lang='lat' dir='ltr'>sub</span> <span class='ocrx_word' id='word_1_298' title='bbox 608 4319 690 4382; x_wconf 89' lang='lat' dir='ltr'>pena</span> <span class='ocrx_word' id='word_1_299' title='bbox 712 4297 836 4362; x_wconf 92' lang='lat' dir='ltr'>dimidii</span> <span class='ocrx_word' id='word_1_300' title='bbox 859 4296 980 4362; x_wconf 89' lang='lat' dir='ltr'>floreni.</span> 
     </span>
    </p>

    <p class='ocr_par' dir='ltr' id='par_1_8' title="bbox 353 4397 1558 4593">
     <span class='ocr_line' id='line_1_38' title="bbox 440 4397 1558 4492; baseline -0.004 -28"><span class='ocrx_word' id='word_1_301' title='bbox 440 4405 492 4464; x_wconf 84' lang='lat'>80.</span> <span class='ocrx_word' id='word_1_302' title='bbox 518 4399 639 4466; x_wconf 92' lang='lat' dir='ltr'>Iterum</span> <span class='ocrx_word' id='word_1_303' title='bbox 663 4402 788 4479; x_wconf 85' lang='lat' dir='ltr'>nullus,</span> <span class='ocrx_word' id='word_1_304' title='bbox 819 4401 949 4466; x_wconf 90' lang='lat' dir='ltr'>silencio</span> <span class='ocrx_word' id='word_1_305' title='bbox 982 4400 1044 4492; x_wconf 89' lang='lat' dir='ltr'>sibi</span> <span class='ocrx_word' id='word_1_306' title='bbox 1067 4423 1122 4485; x_wconf 92' lang='lat' dir='ltr'>per</span> <span class='ocrx_word' id='word_1_307' title='bbox 1145 4400 1376 4466; x_wconf 80' lang='lat' dir='ltr'>Conuentorem</span> <span class='ocrx_word' id='word_1_308' title='bbox 1400 4397 1558 4482; x_wconf 89' lang='lat' dir='ltr'>imposito,</span> 
     </span>
     <span class='ocr_line' id='line_1_39' title="bbox 353 4506 1312 4593; baseline -0.006 -18"><span class='ocrx_word' id='word_1_309' title='bbox 353 4509 534 4575; x_wconf 85' lang='lat' dir='ltr'>rebellissre</span> <span class='ocrx_word' id='word_1_310' title='bbox 557 4511 726 4593; x_wconf 85' lang='lat' dir='ltr'>presumat,</span> <span class='ocrx_word' id='word_1_311' title='bbox 751 4508 810 4572; x_wconf 88' lang='lat' dir='ltr'>sub</span> <span class='ocrx_word' id='word_1_312' title='bbox 833 4529 916 4591; x_wconf 89' lang='lat' dir='ltr'>pena</span> <span class='ocrx_word' id='word_1_313' title='bbox 937 4509 1060 4591; x_wconf 90' lang='lat' dir='ltr'>septem</span> <span class='ocrx_word' id='word_1_314' title='bbox 1084 4506 1255 4571; x_wconf 87' lang='lat' dir='ltr'>solidorum</span> <span class='ocrx_word' id='word_1_315' title='bbox 1280 4507 1312 4570; x_wconf 89' lang='lat' dir='ltr'>h.</span> 
     </span>
    </p>
   </div>
   <div class='ocr_carea' id='block_1_3' title="bbox 0 0 1772 5322">
    <p class='ocr_par' dir='ltr' id='par_1_9' title="bbox 0 0 1772 5322">
     <span class='ocr_line' id='line_1_40' title="bbox 0 0 1772 5322; baseline 0 0"><span class='ocrx_word' id='word_1_316' title='bbox 0 0 1772 5322; x_wconf 95' lang='lat' dir='ltr'> </span> 
     </span>
    </p>
   </div>
  </div>
 </body>
</html>
