3464 5318
432 451 475 506 21.
494 449 637 508 Concessio
655 448 805 506 delationis
823 448 998 504 Sacramenti
1017 449 1093 505 1502.
1297 451 1358 514 109

160 609 243 674 fecto
266 609 393 674 diuinus
414 609 519 674 cultus
543 630 608 674 non
631 608 789 674 modicum
817 614 955 674 sumeret
982 609 1211 674 incrementrun
1234 607 1360 693 populi-

161 735 221 797 que
243 714 367 779 deuotio
397 717 557 780 cresceret.
611 711 714 788 Quare
742 733 800 796 pro
829 717 920 798 parte
942 713 1111 778 eorundem
1133 713 1359 798 exponentium

161 819 253 884 nobis
276 818 338 884 fuit
361 817 526 882 humiliter
541 817 763 904 supplicatum,
788 823 944 902 quatenus
967 819 1044 905 ipsis
1067 819 1226 903 prefatum
1238 818 1361 883 Eucha-

160 925 259 989 ristiae
280 923 519 990 Sacramentum
542 923 703 990 deferendi
731 924 820 990 etin
844 925 938 989 altari
965 927 1000 989 vt
1022 925 1179 1008 prefertur
1201 923 1361 988 detinendi

161 1028 323 1094 licentiam
346 1028 524 1106 concedere,
548 1032 580 1092 et
602 1032 669 1093 tam
691 1029 883 1112 processioni
907 1051 1003 1114 quam
1026 1029 1204 1094 huiusmodi
1225 1051 1261 1092 ac
1284 1029 1361 1093 alia-

163 1156 235 1198 rum
258 1135 425 1200 missarum
448 1134 663 1199 decantationi
686 1133 946 1200 interessentibus
962 1132 1082 1198 Christi
1096 1133 1241 1199 fidelibus
1257 1134 1362 1198 indul·

161 1239 285 1323 gentius
308 1239 431 1324 aliquas
453 1238 583 1324 elargiri
605 1238 817 1324 dignaremur.

248 1342 316 1409 Nos
338 1343 440 1430 igitur
462 1343 517 1429 qui
533 1343 634 1408 diuini
648 1343 753 1408 cultus
769 1348 976 1430 augmentum
1001 1344 1134 1409 summis
1150 1344 1362 1411 desideramus

164 1450 348 1528 affectibus,
382 1449 561 1514 huiusmodi
584 1449 810 1534 supplicationi
832 1449 995 1527 inclinati,
1022 1447 1150 1514 Rectori
1172 1450 1362 1515 Doctoribus

163 1559 195 1620 ct
217 1554 381 1641 Magistris
403 1575 440 1619 ac
465 1553 679 1618 Vniuersitati
701 1555 878 1639 praedictis,
906 1555 951 1621 Vt
973 1554 1109 1640 singulis
1132 1555 1254 1640 quintis
1275 1556 1363 1621 feriis

162 1658 426 1725 Venerabile
449 1656 739 1724 Eucharistiae
769 1659 1082 1726 Sacramentum
1110 1661 1177 1724 sine
1208 1660 1365 1725 uelamine

162 1761 437 1849 processionaliter
451 1784 507 1846 per
523 1763 689 1829 circuitum
703 1762 851 1830 Ecclesiae
865 1763 895 1830 S.
913 1763 1041 1850 Georgij
1057 1763 1205 1849 praedicte
1227 1765 1274 1829 vel
1298 1765 1364 1829 eius

162 1870 363 1935 Cimiterium
386 1867 501 1932 deferri
523 1873 555 1934 et
578 1869 611 1933 in
636 1869 730 1934 altari
752 1869 811 1934 sub
834 1870 939 1935 missae
961 1869 1065 1934 officio
1082 1869 1207 1953 publice
1229 1869 1364 1934 detineri

161 1974 265 2040 iacere
287 1973 420 2058 possint.
466 1971 754 2040 Constitutionibus
776 1979 809 2040 et
838 1974 1092 2042 ordinationibus
1123 1975 1158 2039 in
1181 1974 1364 2041 Prouincia-

164 2079 250 2145 libua
272 2083 305 2144 el
332 2077 534 2144 Sinodalibus
566 2079 659 2144 editis
694 2077 841 2165 Concilijs
863 2080 1063 2167 generalibus
1093 2081 1143 2145 vel
1177 2081 1365 2165 specialibus

166 2205 232 2250 non
255 2184 465 2262 obstantibus,
487 2185 676 2250 auctoritate
698 2184 882 2272 legationis
905 2189 1037 2264 nostrus,
1062 2207 1124 2270 qua
1145 2183 1311 2272 fungimur
1332 2187 1367 2251 in

163 2289 225 2356 bac
248 2293 355 2374 parte,
378 2294 487 2355 tenore
510 2290 715 2375 presentium
738 2289 936 2355 concedimus
958 2291 1077 2375 pariter
1101 2296 1133 2355 et
1155 2292 1364 2377 indulgemus.

249 2391 292 2458 Et
313 2393 520 2460 nibilominus
536 2393 707 2478 cupientes,
731 2398 769 2459 ut
783 2393 904 2461 Christi
922 2394 1028 2460 fideles
1051 2416 1088 2460 eo
1110 2396 1303 2461 ardentiores
1326 2396 1366 2462 ad

164 2500 286 2566 dictum
308 2498 488 2564 venerabile
503 2497 741 2564 Sacramentum
765 2499 968 2578 adorandum,
992 2500 1137 2585 dictaque
1161 2501 1267 2566 officia
1288 2501 1366 2566 uisi-

162 2605 262 2669 tanda
283 2604 463 2684 reddantur,
488 2626 550 2688 quo
572 2626 610 2669 ex
632 2605 692 2671 boc
714 2603 831 2670 ibidem
854 2605 935 2670 dono
950 2605 1091 2670 coelestis
1106 2607 1218 2692 gratiae
1240 2606 1367 2672 uberius

166 2710 390 2794 conspexerint
413 2731 446 2773 se
468 2708 601 2774 reiectos
624 2710 662 2774 de
683 2711 912 2795 omnipotentis
923 2709 984 2775 Dei
998 2710 1220 2792 misericordia,
1244 2733 1280 2776 ac
1294 2712 1367 2777 bea-

163 2817 271 2880 torum
294 2814 381 2880 Petri
403 2818 436 2880 et
458 2814 551 2880 Pauli
566 2814 794 2900 Apostolorum
817 2816 884 2881 eius
907 2815 1095 2882 auctoritate
1118 2816 1229 2882 confisi
1252 2815 1366 2882 Omni-

167 2921 228 2985 bus
258 2924 290 2985 et
311 2920 447 3006 singulis
481 2920 647 3004 utriusque
679 2941 771 2986 sexus
793 2919 911 2986 Christi
944 2921 1091 2986 fidelibus
1113 2922 1272 3006 praedictis
1295 2945 1369 2988 uere

165 3024 403 3110 poenitentibus
427 3029 459 3089 et
489 3025 656 3106 confessis,
690 3027 745 3110 qui
768 3026 859 3092 dictae
890 3027 1083 3111 processioni
1114 3049 1150 3092 ac
1173 3027 1368 3094 Sacramenti

163 3131 317 3195 delationi
346 3151 400 3194 scu
430 3131 551 3214 quintis
582 3131 670 3196 feriis
705 3136 759 3196 aut
782 3131 834 3198 SS.
868 3131 1030 3196 Ambrosii
1055 3132 1230 3218 Augustini
1260 3133 1368 3198 Iuonis

163 3235 249 3301 Luce
270 3236 320 3300 vel
343 3235 520 3300 Katharine
545 3237 766 3303 celebritatum
788 3238 854 3302 siue
876 3237 1086 3301 {estiuitatum
1115 3237 1225 3320 alijsue
1247 3239 1367 3303 duobus

165 3363 224 3426 per
245 3339 411 3406 Rectorem
434 3341 746 3426 Vniuersitatemque
768 3343 950 3426 praedictam
974 3341 1126 3427 eligendis
1149 3340 1268 3421 diebus,
1292 3342 1368 3407 mis-

167 3468 275 3512 sarum
311 3447 542 3525 decantationi,
574 3447 699 3512 etiarnsi
721 3447 802 3512 festa
824 3447 894 3532 ipsa
925 3451 981 3512 aut
1003 3466 1111 3512 eorum
1134 3447 1241 3530 aliqua
1262 3453 1369 3512 trans·

166 3551 263 3630 ferri,
292 3557 348 3617 aut
370 3553 397 3618 si
425 3553 605 3618 venerabile
628 3551 865 3618 Sacramentum
898 3554 991 3618 modo
1020 3552 1169 3636 proedicto
1192 3552 1311 3617 scilicet
1335 3553 1368 3617 in

166 3656 383 3722 Monstrantia
413 3659 451 3723 ad
474 3658 642 3743 prefatum
677 3658 814 3723 eiusdem
837 3657 976 3723 officium
1001 3679 1059 3724 neo
1081 3657 1212 3736 deferri,
1244 3679 1301 3722 nec
1324 3657 1370 3722 ibi

167 3761 308 3827 detinere
338 3763 528 3849 contigerit,
559 3764 671 3828 deuote
704 3762 909 3829 interfuerint
931 3766 963 3828 et
985 3764 1113 3828 denotas
1136 3763 1176 3827 ad
1198 3761 1371 3827 Dominum

165 3887 272 3953 preces
301 3867 463 3947 fuderint,
501 3872 557 3933 aut
580 3867 750 3953 aliquando
773 3891 832 3954 pro
854 3868 1003 3955 praelato,
1037 3870 1074 3934 de
1103 3887 1231 3953 corpore
1253 3866 1372 3932 Christi

165 3973 271 4038 officio
292 3973 507 4038 conseruando
537 3976 632 4057 alque
665 3973 810 4060 augendo
837 3995 950 4038 manus
973 3975 1172 4059 porrexerint
1194 3969 1372 4051 adiutricea

165 4097 226 4163 pro
249 4078 383 4164 singulis
399 4079 509 4144 diebus
525 4079 694 4164 praedictis‚
719 4079 833 4164 quibus
855 4080 1020 4163 praemissa
1041 4078 1184 4157 iecerint,
1209 4082 1372 4144 centum

166 4182 261 4248 dies
285 4183 329 4248 de
352 4183 577 4249 iniunctis
599 4186 659 4249 eis
681 4185 945 4270 penitentiis
975 4185 1218 4251 misericorditer
1250 4186 1283 4250 in
1306 4183 1371 4250 Do*

167 4288 256 4353 mino
272 4289 449 4354 relaxamus
466 4290 675 4377 praesentibus
691 4291 851 4376 perpetuis
867 4290 984 4355 futuris
994 4290 1189 4375 temporibus
1204 4287 1373 4356 duraturis·

166 4391 325 4460 Volumus
348 4399 454 4462 autem
478 4397 561 4481 quod
584 4397 613 4460 si
635 4397 748 4481 aliqua
782 4397 989 4483 indulgentiae
1018 4395 1207 4481 temporales
1230 4393 1279 4460 vel
1301 4413 1373 4482 per-

165 4503 269 4584 petua
291 4521 347 4584 per
369 4521 426 4566 uos
449 4499 558 4568 diebus
573 4501 732 4587 praedictis
748 4499 787 4567 ad
810 4500 982 4568 Ecclesiam
1004 4503 1105 4587 ipsam
1127 4521 1271 4567 concessa
1293 4501 1368 4583 sint,
