3464 5318
331 438 392 502 142
625 435 666 488 33.
684 417 830 492 Ordinatio
847 432 931 502 Regis
949 431 1116 487 Fcrdinandi
1136 431 1212 486 1525.

329 593 451 676 ruptela
472 591 577 656 minus
601 591 640 656 ad
663 589 870 656 eruditionem
891 577 1102 674 pietatemque
1117 591 1296 658 auditorum
1311 600 1517 684 accesserunt,

328 697 478 774 adimant,
501 698 636 772 mutent,
660 693 841 771 emendent,
865 698 960 778 prout
984 693 1114 758 illorum
1136 695 1271 761 solertiae
1293 698 1466 764 consultius
1487 703 1520 764 et

328 801 429 886 magis
452 799 640 885 frugiferum
664 800 766 864 uisum
788 799 893 863 fuerit.

415 905 550 970 Proinde
573 927 643 970 cum
666 906 749 983 inter
772 909 883 969 caeteru
906 887 1045 970 literaria
1066 910 1183 969 nostrae
1205 906 1412 990 prouidentiae
1435 931 1519 974 oom-

329 1011 423 1076 missa
446 1009 617 1096 Gymnasia
645 1009 725 1074 nulli
755 1009 924 1075 secundum
954 1010 1168 1075 existimemus
1198 1011 1317 1077 celebre
1348 1011 1518 1098 Gymna-

328 1117 429 1180 sium
453 1115 742 1201 Tubingense,
773 1115 806 1180 in
829 1116 895 1181 eius
918 1115 1148 1181 instauratione
1170 1119 1202 1180 et
1224 1117 1333 1182 ordine
1356 1119 1517 1184 exordium

330 1220 486 1306 sumpturi
508 1219 760 1305 deputauerimus
783 1225 814 1285 et
829 1221 1119 1286 demandauerimus
1140 1223 1222 1287 hanc
1245 1223 1439 1307 prouinciam
1461 1225 1518 1290 ho-

329 1326 524 1391 norabilibus
558 1325 655 1390 doctis
679 1329 710 1390 et
732 1326 875 1392 fidelibus
906 1327 996 1392 nobis
1018 1327 1139 1392 dilectis
1163 1327 1325 1394 Auanosm
1356 1327 1518 1408 Wronns,

327 1431 488 1516 preposito
512 1429 708 1516 Tubingcnsi
736 1431 784 1493 uti
807 1428 1000 1495 cancellario
1031 1431 1171 1496 iamdicti
1198 1431 1378 1516 Gymnasii,
1409 1432 1518 1501 Panno

326 1536 421 1601 ero
449 1532 710 1619 Protbopbysico,
733 1531 853 1599 Jacoao
877 1533 1019 1614 Sarrana,
1044 1535 1186 1600 Jonrsm
1215 1534 1313 1600 'Fsun
1333 1535 1464 1620 lurium,
1488 1546 1519 1606 et

327 1639 477 1705 Msanrso
499 1637 665 1704 Parnason
688 1660 847 1704 sacrarum
859 1639 1038 1705 Literarum
1060 1640 1299 1725 professoribus,
1323 1646 1518 1730 consiliarijs

326 1745 443 1809 nomia
461 1744 483 1823 ¹,
505 1748 542 1808 ut
564 1742 705 1808 exhibita
726 1747 834 1808 nostra
856 1745 994 1810 iussione
1017 1746 1144 1812 Rectori
1176 1749 1443 1834 optimatibusque
1467 1752 1517 1836 ip·

326 1851 390 1914 sius
414 1848 626 1934 Tubiugensia
647 1846 766 1932 Srudij,
797 1850 906 1914 seriem
937 1851 1003 1915 cius
1026 1852 1196 1932 imitanda,
1226 1859 1263 1918 ut
1291 1856 1516 1922 instauratores

326 1958 358 2019 et
380 1975 520 2019 censores
544 1954 681 2038 provide,
706 1975 794 2038 aequo
817 1955 941 2033 iudicio,
965 1956 1024 2022 hoc
1039 1963 1087 2024 est
1102 1959 1219 2043 absque
1237 1981 1441 2045 personarum
1464 1963 1516 2026 de·

325 2059 408 2123 lectu
437 2059 487 2123 uel
521 2059 632 2143 quouis
663 2059 869 2124 immoderato
898 2061 1032 2140 affectu,
1065 2064 1245 2129 examinent
1274 2071 1453 2130 scrutentur
1486 2073 1518 2131 et

327 2165 409 2248 quod
442 2164 657 2230 emendatione
688 2167 758 2249 eget
781 2164 813 2228 in
844 2164 985 2230 ordinem
1008 2167 1154 2252 redigant
1187 2173 1218 2232 et
1240 2169 1445 2233 instauranda
1467 2170 1517 2233 in·

325 2273 476 2335 staurent.

412 2374 478 2458 lpsi
506 2396 580 2439 uero
610 2375 750 2441 iamdicti
780 2377 880 2442 nostri
904 2376 1113 2461 Commissarij
1144 2380 1256 2444 maiori
1286 2383 1318 2444 et
1350 2380 1453 2445 studio
1486 2382 1519 2444 et

325 2481 491 2567 diligentia
522 2485 588 2545 tam
618 2482 701 2566 apud
726 2482 1007 2566 Gymnesiarcbes,
1038 2482 1189 2550 Doctores
1222 2488 1316 2569 etque
1338 2483 1517 2569 Magistros,

326 2607 421 2670 quam
445 2584 601 2649 auditores
623 2586 719 2650 etiam
744 2587 827 2651 lacto
850 2587 1002 2651 scrutinio
1018 2588 1186 2654 iussionem
1202 2594 1344 2654 nostram
1367 2587 1518 2673 adimple·

326 2690 431 2754 uerint
462 2693 493 2753 et
522 2711 586 2753 non
617 2690 720 2754 solum
751 2693 788 2757 de
820 2692 989 2757 eorundem
1011 2715 1183 2774 consensu,
1215 2697 1385 2761 sedetiam
1408 2697 1518 2758 mutua

324 2800 508 2879 maturaque
541 2817 597 2859 aua
619 2796 844 2862 deliberatione
874 2802 905 2861 et
927 2798 1043 2862 iudicio
1066 2799 1197 2876 habitu,
1232 2803 1270 2864 ad
1293 2798 1517 2883 omnipotentis

324 2899 384 2964 Dei
406 2900 549 2986 gloriam,
574 2905 718 2965 nostmin
742 2902 901 2981 bonorem,
926 2904 1024 2987 ipsius
1050 2905 1212 2990 Gymnasij
1236 2907 1381 2970 decusat
1404 2904 1517 2988 ampli-

325 3005 502 3069 ficationem
524 3007 618 3088 atque
649 3007 760 3092 inclyti
790 3007 884 3074 huius
908 3009 1107 3093 Principatus
1138 3012 1254 3076 famam
1284 3009 1518 3096 propagandam
1577 2992 1582 3008 ’

324 3114 442 3175 certum
466 3108 608 3175 ordinem
631 3117 663 3176 et
685 3113 846 3179 Articulos
870 3119 936 3178 tam
958 3116 1040 3180 circa
1062 3116 1210 3182 Lecturus
1239 3116 1434 3202 singularum
1458 3115 1518 3179 Fa·

324 3217 497 3292 cultatum,
530 3235 624 3299 quam
644 3215 884 3302 ltempublicam
917 3219 1015 3284 totius
1039 3219 1264 3285 Vniuersitatis
1295 3219 1517 3286 constituerint

325 3325 357 3385 et
378 3321 519 3399 iecerint,
545 3343 678 3405 quorum
700 3327 792 3388 tenor
814 3325 859 3388 sic
882 3347 915 3390 se
937 3325 1043 3391 habet.

326 3459 532 3466 -.---.--

397 3514 410 3566 1
430 3510 479 3566 Bei
497 3510 584 3565 dieser
603 3511 782 3568 Commissicn
801 3512 864 3568 sind
883 3533 935 3569 nur·
954 3515 1020 3570 zwci
1033 3514 1192 3584 Mitglicder
1210 3515 1258 3570 der
1271 3514 1452 3580 Universitbt
1471 3513 1520 3569 der

324 3599 443 3655 Kanzler
461 3599 518 3654 und
536 3599 584 3654 der
607 3599 748 3656 bekannte
766 3601 889 3673 Tlrcolog
915 3603 1064 3658 Martio
1081 3603 1241 3658 Planach
1266 3621 1320 3658 von
1338 3601 1520 3657 Dornstetten

323 3688 403 3742 inser.
434 3689 534 3742 mma.
579 3687 695 3744 Jacob
724 3688 880 3758 Spiegel
907 3708 956 3744 aus
984 3689 1184 3753 schlettstadt,
1213 3689 1256 3744 ein
1275 3687 1350 3743 Kais.
1369 3688 1458 3752 Rath,
1483 3687 1520 3740 ist

324 3777 407 3832 achon
427 3777 491 3832 1511
512 3772 540 3828 in
559 3774 604 3829 die
623 3774 755 3830 Matrikel
776 3776 818 3830 als
835 3776 899 3830 Cres.
913 3777 963 3830 Mt.
982 3775 1144 3832 secretarius
1163 3775 1358 3846 eingetragen;
1377 3774 1393 3828 J
1402 3774 1519 3829 chann

323 3863 423 3920 Faut
442 3879 496 3920 von
514 3863 674 3928 Cannstatt,
693 3863 880 3918 vermuthlich
899 3864 943 3920 ein
963 3865 1037 3921 Sohn
1055 3865 1101 3919 des
1125 3882 1180 3919 von
1198 3862 1230 3915 Η.
1249 3861 1345 3916 Ulrich
1374 3863 1440 3916 1517
1458 3860 1520 3914 hin-

324 3952 497 4023 gerichteten
513 3951 639 4015 Kourad,
659 3951 697 4005 ist
715 3951 887 4008 natiirlicher
903 3951 989 4007 Feind
1007 3952 1183 4021 desHerrogs
1202 3950 1259 4004 und
1271 3949 1371 4005 Diener
1389 3948 1436 4002 des
1455 3948 1520 4002 datr.
1634 3999 1639 4010 ,

323 4039 495 4110 Regiments.
532 4037 627 4092 Paul
645 4038 689 4090 lti
700 4038 783 4092 cius
801 4037 846 4093 ein
859 4039 1029 4094 talmudisch
1047 4038 1274 4109 gelehrterJude,
1293 4038 1341 4091 der
1354 4035 1411 4090 sich
1423 4035 1521 4089 taufcn

323 4127 394 4192 lissa,
414 4127 474 4182 eine
492 4125 552 4181 Zeit
573 4125 642 4195 lang
661 4124 690 4179 in
704 4125 792 4181 Pavia
811 4127 908 4191 lehrte,
927 4127 1014 4181 durch
1033 4127 1187 4182 zahlreicbe
1201 4125 1339 4181 Schriften
1358 4123 1416 4177 sich
1434 4121 1515 4178 einen

323 4216 433 4270 Namen
446 4214 557 4270 machtc
570 4215 626 4268 und
639 4213 767 4270 beibarzt
778 4215 875 4271 Kaiser
885 4215 1072 4270 Maximilians
1086 4214 1187 4280 wurde,
1207 4213 1244 4269 ist
1256 4213 1308 4267 mit
1321 4210 1373 4266 den
1385 4209 1520 4265 l'remden

323 4305 353 4359 in
371 4305 421 4359 das
435 4303 514 4359 band
533 4303 705 4373 gekommen.
732 4303 764 4358 In
784 4304 832 4359 der
846 4303 1025 4360 Commission
1044 4321 1102 4357 war
1120 4301 1180 4359 also
1200 4301 1244 4356 die
1262 4297 1393 4355 Facultas
1413 4299 1518 4353 artium

323 4409 376 4465 gar
394 4391 471 4446 nicht
490 4393 640 4447 vertreten.
