<?xml version="1.0" encoding="UTF-8"?>
<!DOCTYPE html PUBLIC "-//W3C//DTD XHTML 1.0 Transitional//EN"
    "http://www.w3.org/TR/xhtml1/DTD/xhtml1-transitional.dtd">
<html xmlns="http://www.w3.org/1999/xhtml" xml:lang="en" lang="en">
 <head>
  <title>
</title>
<meta http-equiv="Content-Type" content="text/html;charset=utf-8" />
  <meta name='ocr-system' content='tesseract 3.04.00' />
  <meta name='ocr-capabilities' content='ocr_page ocr_carea ocr_par ocr_line ocrx_word'/>
</head>
<body>
  <div class='ocr_page' id='page_1' title='image "./urkundenzurgesc00tbgoog_0081.png"; bbox 0 0 3442 5314; ppageno 0'>
   <div class='ocr_carea' id='block_1_1' title="bbox 459 463 1326 536">
    <p class='ocr_par' dir='ltr' id='par_1_1' title="bbox 459 463 1326 536">
     <span class='ocr_line' id='line_1_1' title="bbox 459 463 1326 536; baseline 0.002 -17"><span class='ocrx_word' id='word_1_1' title='bbox 459 467 483 519; x_wconf 80' lang='lat'><strong>8.</strong></span> <span class='ocrx_word' id='word_1_2' title='bbox 504 463 636 519; x_wconf 85' lang='lat' dir='ltr'><strong>Statuten</strong></span> <span class='ocrx_word' id='word_1_3' title='bbox 654 482 719 521; x_wconf 88' lang='lat' dir='ltr'><strong>vom</strong></span> <span class='ocrx_word' id='word_1_4' title='bbox 737 467 762 520; x_wconf 86' lang='lat'><strong>9.</strong></span> <span class='ocrx_word' id='word_1_5' title='bbox 781 463 905 520; x_wconf 83' lang='lat' dir='ltr'><strong>Oktober</strong></span> <span class='ocrx_word' id='word_1_6' title='bbox 926 466 1001 522; x_wconf 80' lang='grc'><strong>1477.</strong></span> <span class='ocrx_word' id='word_1_7' title='bbox 1285 471 1326 536; x_wconf 83' lang='grc'><strong>65</strong></span> 
     </span>
    </p>
   </div>
   <div class='ocr_carea' id='block_1_2' title="bbox 126 618 1341 2074">
    <p class='ocr_par' dir='ltr' id='par_1_2' title="bbox 126 618 1331 1004">
     <span class='ocr_line' id='line_1_2' title="bbox 126 618 1330 710; baseline 0.009 -28"><span class='ocrx_word' id='word_1_8' title='bbox 126 618 343 686; x_wconf 75' lang='lat' dir='ltr'><strong>uniuersitatis</strong></span> <span class='ocrx_word' id='word_1_9' title='bbox 374 623 546 706; x_wconf 77' lang='lat' dir='ltr'>suppositis</span> <span class='ocrx_word' id='word_1_10' title='bbox 569 624 712 708; x_wconf 88' lang='lat' dir='ltr'><strong>qualibet</strong></span> <span class='ocrx_word' id='word_1_11' title='bbox 735 625 866 709; x_wconf 85' lang='lat' dir='ltr'><strong>angaria</strong></span> <span class='ocrx_word' id='word_1_12' title='bbox 888 629 924 690; x_wconf 81' lang='lat' dir='ltr'><strong>vt</strong></span> <span class='ocrx_word' id='word_1_13' title='bbox 946 625 1108 710; x_wconf 87' lang='lat' dir='ltr'><strong>sequitur,</strong></span> <span class='ocrx_word' id='word_1_14' title='bbox 1141 628 1287 692; x_wconf 84' lang='lat' dir='ltr'><strong>videlicet</strong></span> <span class='ocrx_word' id='word_1_15' title='bbox 1310 651 1330 693; x_wconf 91' lang='lat' dir='ltr'><strong>a</strong></span> 
     </span>
     <span class='ocr_line' id='line_1_3' title="bbox 126 723 1330 810; baseline 0.008 -23"><span class='ocrx_word' id='word_1_16' title='bbox 126 723 246 790; x_wconf 85' lang='lat' dir='ltr'><strong>scolare</strong></span> <span class='ocrx_word' id='word_1_17' title='bbox 275 727 418 809; x_wconf 90' lang='lat' dir='ltr'><strong>quolibet</strong></span> <span class='ocrx_word' id='word_1_18' title='bbox 451 727 611 794; x_wconf 73' lang='lat' dir='ltr'><strong>facultatis</strong></span> <span class='ocrx_word' id='word_1_19' title='bbox 640 729 758 794; x_wconf 88' lang='lat' dir='ltr'><strong>artium</strong></span> <span class='ocrx_word' id='word_1_20' title='bbox 789 732 854 794; x_wconf 90' lang='lat' dir='ltr'><strong>tres</strong></span> <span class='ocrx_word' id='word_1_21' title='bbox 877 729 1037 810; x_wconf 82' lang='lat' dir='ltr'><strong>denarios,</strong></span> <span class='ocrx_word' id='word_1_22' title='bbox 1072 755 1090 796; x_wconf 90' lang='lat' dir='ltr'><strong>a</strong></span> <span class='ocrx_word' id='word_1_23' title='bbox 1120 732 1330 797; x_wconf 84' lang='lat' dir='ltr'><strong>baccalaureis</strong></span> 
     </span>
     <span class='ocr_line' id='line_1_4' title="bbox 127 827 1331 922; baseline 0.009 -32"><span class='ocrx_word' id='word_1_24' title='bbox 127 827 268 893; x_wconf 86' lang='lat' dir='ltr'><strong>eiusdem</strong></span> <span class='ocrx_word' id='word_1_25' title='bbox 301 829 464 897; x_wconf 73' lang='lat' dir='ltr'><strong>facultatis</strong></span> <span class='ocrx_word' id='word_1_26' title='bbox 493 839 628 919; x_wconf 84' lang='lat' dir='ltr'><strong>quatuor</strong></span> <span class='ocrx_word' id='word_1_27' title='bbox 652 835 815 914; x_wconf 89' lang='lat' dir='ltr'><strong>denarios,</strong></span> <span class='ocrx_word' id='word_1_28' title='bbox 839 841 871 900; x_wconf 89' lang='lat' dir='ltr'><strong>et</strong></span> <span class='ocrx_word' id='word_1_29' title='bbox 893 859 912 901; x_wconf 85' lang='lat' dir='ltr'><strong>a</strong></span> <span class='ocrx_word' id='word_1_30' title='bbox 935 838 1076 920; x_wconf 90' lang='lat' dir='ltr'><strong>quolibet</strong></span> <span class='ocrx_word' id='word_1_31' title='bbox 1099 836 1217 903; x_wconf 88' lang='lat' dir='ltr'><strong>scolare</strong></span> <span class='ocrx_word' id='word_1_32' title='bbox 1238 859 1331 922; x_wconf 89' lang='lat' dir='ltr'><strong>supe·</strong></span> 
     </span>
     <span class='ocr_line' id='line_1_5' title="bbox 127 933 719 1004; baseline 0.017 -9"><span class='ocrx_word' id='word_1_33' title='bbox 127 933 251 998; x_wconf 91' lang='lat' dir='ltr'><strong>riorum</strong></span> <span class='ocrx_word' id='word_1_34' title='bbox 273 935 466 1002; x_wconf 73' lang='lat' dir='ltr'><strong>facultatum</strong></span> <span class='ocrx_word' id='word_1_35' title='bbox 487 961 542 1004; x_wconf 87' lang='lat' dir='ltr'><strong>sex</strong></span> <span class='ocrx_word' id='word_1_36' title='bbox 564 939 719 1004; x_wconf 91' lang='lat' dir='ltr'><strong>denarios.</strong></span> 
     </span>
    </p>

    <p class='ocr_par' dir='ltr' id='par_1_3' title="bbox 130 1039 1341 2074">
     <span class='ocr_line' id='line_1_6' title="bbox 217 1039 1333 1130; baseline 0.005 -26"><span class='ocrx_word' id='word_1_37' title='bbox 217 1039 363 1127; x_wconf 88' lang='lat' dir='ltr'><strong>Denique</strong></span> <span class='ocrx_word' id='word_1_38' title='bbox 393 1045 562 1110; x_wconf 73' lang='lat' dir='ltr'><strong>statuimus</strong></span> <span class='ocrx_word' id='word_1_39' title='bbox 586 1053 618 1111; x_wconf 98' lang='grc' dir='ltr'><strong>εὴ</strong></span> <span class='ocrx_word' id='word_1_40' title='bbox 640 1046 836 1124; x_wconf 80' lang='lat' dir='ltr'><strong>ordinamus,</strong></span> <span class='ocrx_word' id='word_1_41' title='bbox 868 1047 951 1130; x_wconf 92' lang='lat' dir='ltr'><strong>quod</strong></span> <span class='ocrx_word' id='word_1_42' title='bbox 973 1045 1164 1111; x_wconf 80' lang='lat' dir='ltr'><strong>uniuersitas</strong></span> <span class='ocrx_word' id='word_1_43' title='bbox 1187 1046 1333 1130; x_wconf 79' lang='lat' dir='ltr'><strong>deinceps</strong></span> 
     </span>
     <span class='ocr_line' id='line_1_7' title="bbox 130 1143 1334 1236; baseline 0.006 -28"><span class='ocrx_word' id='word_1_44' title='bbox 130 1143 249 1230; x_wconf 77' lang='lat' dir='ltr'><strong>eligere</strong></span> <span class='ocrx_word' id='word_1_45' title='bbox 272 1146 388 1212; x_wconf 89' lang='lat' dir='ltr'><strong>habeat</strong></span> <span class='ocrx_word' id='word_1_46' title='bbox 402 1154 497 1234; x_wconf 87' lang='lat' dir='ltr'><strong>atque</strong></span> <span class='ocrx_word' id='word_1_47' title='bbox 513 1148 837 1234; x_wconf 80' lang='lat' dir='ltr'><strong>eligatSindicum</strong></span> <span class='ocrx_word' id='word_1_48' title='bbox 859 1155 897 1215; x_wconf 89' lang='lat' dir='ltr'><strong>et</strong></span> <span class='ocrx_word' id='word_1_49' title='bbox 919 1155 1234 1234; x_wconf 88' lang='lat' dir='ltr'><strong>procuratorem</strong></span> <span class='ocrx_word' id='word_1_50' title='bbox 1256 1151 1334 1236; x_wconf 82' lang='lat' dir='ltr'><strong>ydo-</strong></span> 
     </span>
     <span class='ocr_line' id='line_1_8' title="bbox 130 1252 1335 1340; baseline 0.004 -27"><span class='ocrx_word' id='word_1_51' title='bbox 130 1271 229 1314; x_wconf 90' lang='lat' dir='ltr'><strong>neum</strong></span> <span class='ocrx_word' id='word_1_52' title='bbox 250 1252 384 1335; x_wconf 90' lang='lat' dir='ltr'><strong>probum</strong></span> <span class='ocrx_word' id='word_1_53' title='bbox 408 1259 440 1320; x_wconf 88' lang='lat' dir='ltr'><strong>et</strong></span> <span class='ocrx_word' id='word_1_54' title='bbox 462 1255 640 1333; x_wconf 78' lang='lat' dir='ltr'><strong>honestum,</strong></span> <span class='ocrx_word' id='word_1_55' title='bbox 660 1277 717 1340; x_wconf 91' lang='lat' dir='ltr'><strong>per</strong></span> <span class='ocrx_word' id='word_1_56' title='bbox 733 1277 826 1340; x_wconf 89' lang='lat' dir='ltr'><strong>quem</strong></span> <span class='ocrx_word' id='word_1_57' title='bbox 840 1255 1054 1320; x_wconf 83' lang='lat' dir='ltr'><strong>verisimiliter</strong></span> <span class='ocrx_word' id='word_1_58' title='bbox 1068 1254 1247 1319; x_wconf 83' lang='lat' dir='ltr'><strong>defraudari</strong></span> <span class='ocrx_word' id='word_1_59' title='bbox 1269 1275 1335 1318; x_wconf 91' lang='lat' dir='ltr'><strong>non</strong></span> 
     </span>
     <span class='ocr_line' id='line_1_9' title="bbox 132 1353 1337 1445; baseline 0.002 -27"><span class='ocrx_word' id='word_1_60' title='bbox 132 1353 247 1434; x_wconf 85' lang='lat' dir='ltr'><strong>valeat,</strong></span> <span class='ocrx_word' id='word_1_61' title='bbox 271 1357 355 1422; x_wconf 88' lang='lat' dir='ltr'><strong>circa</strong></span> <span class='ocrx_word' id='word_1_62' title='bbox 376 1358 493 1425; x_wconf 85' lang='lat' dir='ltr'><strong>festum</strong></span> <span class='ocrx_word' id='word_1_63' title='bbox 508 1357 538 1426; x_wconf 79' lang='lat' dir='ltr'><strong>S.</strong></span> <span class='ocrx_word' id='word_1_64' title='bbox 556 1359 713 1426; x_wconf 88' lang='lat' dir='ltr'><strong>Johannis</strong></span> <span class='ocrx_word' id='word_1_65' title='bbox 730 1359 876 1445; x_wconf 80' lang='lat' dir='ltr'><strong>Baptista</strong></span> <span class='ocrx_word' id='word_1_66' title='bbox 892 1359 988 1425; x_wconf 85' lang='lat' dir='ltr'><strong>Cuius</strong></span> <span class='ocrx_word' id='word_1_67' title='bbox 1002 1361 1142 1425; x_wconf 87' lang='lat' dir='ltr'><strong>officium</strong></span> <span class='ocrx_word' id='word_1_68' title='bbox 1164 1361 1208 1424; x_wconf 88' lang='lat' dir='ltr'><strong>sit</strong></span> <span class='ocrx_word' id='word_1_69' title='bbox 1223 1365 1255 1425; x_wconf 90' lang='lat' dir='ltr'><strong>et</strong></span> <span class='ocrx_word' id='word_1_70' title='bbox 1270 1380 1337 1424; x_wconf 90' lang='lat' dir='ltr'><strong>esse</strong></span> 
     </span>
     <span class='ocr_line' id='line_1_10' title="bbox 133 1459 1335 1552; baseline 0.004 -29"><span class='ocrx_word' id='word_1_71' title='bbox 133 1459 257 1539; x_wconf 85' lang='lat' dir='ltr'><strong>debeat,</strong></span> <span class='ocrx_word' id='word_1_72' title='bbox 280 1484 377 1545; x_wconf 86' lang='lat' dir='ltr'><strong>penas</strong></span> <span class='ocrx_word' id='word_1_73' title='bbox 398 1465 665 1552; x_wconf 79' lang='lat' dir='ltr'><strong>negligentiarum</strong></span> <span class='ocrx_word' id='word_1_74' title='bbox 681 1487 700 1528; x_wconf 92' lang='lat' dir='ltr'><strong>a</strong></span> <span class='ocrx_word' id='word_1_75' title='bbox 714 1465 914 1548; x_wconf 84' lang='lat' dir='ltr'><strong>stipendiatis</strong></span> <span class='ocrx_word' id='word_1_76' title='bbox 931 1464 1056 1550; x_wconf 82' lang='lat' dir='ltr'><strong>exigere</strong></span> <span class='ocrx_word' id='word_1_77' title='bbox 1071 1465 1238 1530; x_wconf 88' lang='lat' dir='ltr'><strong>bursarum</strong></span> <span class='ocrx_word' id='word_1_78' title='bbox 1261 1485 1335 1548; x_wconf 90' lang='lat' dir='ltr'><strong>pec-</strong></span> 
     </span>
     <span class='ocr_line' id='line_1_11' title="bbox 134 1567 1337 1654; baseline 0.001 -24"><span class='ocrx_word' id='word_1_79' title='bbox 134 1567 246 1631; x_wconf 88' lang='lat' dir='ltr'><strong>cunias</strong></span> <span class='ocrx_word' id='word_1_80' title='bbox 276 1569 413 1652; x_wconf 87' lang='lat' dir='ltr'><strong>recipere</strong></span> <span class='ocrx_word' id='word_1_81' title='bbox 443 1575 475 1636; x_wconf 85' lang='lat' dir='ltr'><strong>et</strong></span> <span class='ocrx_word' id='word_1_82' title='bbox 504 1571 626 1646; x_wconf 90' lang='lat' dir='ltr'><strong>leuare,</strong></span> <span class='ocrx_word' id='word_1_83' title='bbox 661 1570 698 1635; x_wconf 95' lang='lat' dir='ltr'><strong>de</strong></span> <span class='ocrx_word' id='word_1_84' title='bbox 728 1569 865 1635; x_wconf 87' lang='lat' dir='ltr'><strong>ecclesiis</strong></span> <span class='ocrx_word' id='word_1_85' title='bbox 895 1570 1095 1636; x_wconf 76' lang='lat' dir='ltr'><strong>uniuersitati</strong></span> <span class='ocrx_word' id='word_1_86' title='bbox 1127 1569 1337 1654; x_wconf 86' lang='lat' dir='ltr'><strong>incorporatis</strong></span> 
     </span>
     <span class='ocr_line' id='line_1_12' title="bbox 135 1671 1338 1761; baseline 0.002 -27"><span class='ocrx_word' id='word_1_87' title='bbox 135 1671 226 1736; x_wconf 85' lang='lat' dir='ltr'><strong>iuxta</strong></span> <span class='ocrx_word' id='word_1_88' title='bbox 256 1673 393 1738; x_wconf 87' lang='lat' dir='ltr'><strong>eiusdem</strong></span> <span class='ocrx_word' id='word_1_89' title='bbox 422 1675 553 1740; x_wconf 87' lang='lat' dir='ltr'><strong>consilia</strong></span> <span class='ocrx_word' id='word_1_90' title='bbox 587 1676 769 1761; x_wconf 82' lang='lat' dir='ltr'><strong>disponere,</strong></span> <span class='ocrx_word' id='word_1_91' title='bbox 804 1675 988 1759; x_wconf 86' lang='lat' dir='ltr'><strong>peccuniam</strong></span> <span class='ocrx_word' id='word_1_92' title='bbox 1018 1675 1057 1741; x_wconf 88' lang='lat' dir='ltr'><strong>de</strong></span> <span class='ocrx_word' id='word_1_93' title='bbox 1090 1675 1154 1740; x_wconf 85' lang='lat' dir='ltr'><strong>hiis</strong></span> <span class='ocrx_word' id='word_1_94' title='bbox 1176 1675 1338 1740; x_wconf 81' lang='lat' dir='ltr'><strong>cedentem</strong></span> 
     </span>
     <span class='ocr_line' id='line_1_13' title="bbox 137 1775 1321 1856; baseline 0.001 -16"><span class='ocrx_word' id='word_1_95' title='bbox 137 1775 323 1856; x_wconf 86' lang='lat' dir='ltr'><strong>imbursare,</strong></span> <span class='ocrx_word' id='word_1_96' title='bbox 347 1777 523 1844; x_wconf 86' lang='lat' dir='ltr'><strong>Dilationes</strong></span> <span class='ocrx_word' id='word_1_97' title='bbox 546 1781 596 1846; x_wconf 87' lang='lat' dir='ltr'><strong>vel</strong></span> <span class='ocrx_word' id='word_1_98' title='bbox 618 1780 796 1846; x_wconf 88' lang='lat' dir='ltr'><strong>debitorum</strong></span> <span class='ocrx_word' id='word_1_99' title='bbox 811 1780 1011 1845; x_wconf 86' lang='lat' dir='ltr'><strong>remissiones</strong></span> <span class='ocrx_word' id='word_1_100' title='bbox 1033 1780 1101 1846; x_wconf 90' lang='lat' dir='ltr'><strong>sine</strong></span> <span class='ocrx_word' id='word_1_101' title='bbox 1123 1778 1321 1844; x_wconf 76' lang='lat' dir='ltr'><strong>uniuersitat&#39;</strong></span> 
     </span>
     <span class='ocr_line' id='line_1_14' title="bbox 138 1882 1341 1970; baseline 0 -25"><span class='ocrx_word' id='word_1_102' title='bbox 138 1901 293 1946; x_wconf 71' lang='lat' dir='ltr'><strong>consensu</strong></span> <span class='ocrx_word' id='word_1_103' title='bbox 323 1885 443 1948; x_wconf 89' lang='lat' dir='ltr'><strong>nemini</strong></span> <span class='ocrx_word' id='word_1_104' title='bbox 465 1885 556 1963; x_wconf 89' lang='lat' dir='ltr'><strong>dare,</strong></span> <span class='ocrx_word' id='word_1_105' title='bbox 591 1907 662 1950; x_wconf 89' lang='lat' dir='ltr'><strong>cum</strong></span> <span class='ocrx_word' id='word_1_106' title='bbox 691 1884 831 1949; x_wconf 87' lang='lat' dir='ltr'><strong>eiusdem</strong></span> <span class='ocrx_word' id='word_1_107' title='bbox 859 1885 941 1948; x_wconf 87' lang='lat' dir='ltr'><strong>scitu</strong></span> <span class='ocrx_word' id='word_1_108' title='bbox 963 1884 1148 1970; x_wconf 83' lang='lat' dir='ltr'><strong>exponenda</strong></span> <span class='ocrx_word' id='word_1_109' title='bbox 1169 1882 1341 1948; x_wconf 84' lang='lat' dir='ltr'><strong>secundum</strong></span> 
     </span>
     <span class='ocr_line' id='line_1_15' title="bbox 140 1987 1341 2074; baseline -0.001 -22"><span class='ocrx_word' id='word_1_110' title='bbox 140 1987 372 2054; x_wconf 89' lang='lat' dir='ltr'><strong>ordinationem</strong></span> <span class='ocrx_word' id='word_1_111' title='bbox 394 1989 527 2056; x_wconf 86' lang='lat' dir='ltr'><strong>illustris</strong></span> <span class='ocrx_word' id='word_1_112' title='bbox 549 1991 727 2057; x_wconf 73' lang='lat' dir='ltr'><strong>firndatoria</strong></span> <span class='ocrx_word' id='word_1_113' title='bbox 750 1990 853 2056; x_wconf 82' lang='lat' dir='ltr'><strong>nostri</strong></span> <span class='ocrx_word' id='word_1_114' title='bbox 882 1995 937 2056; x_wconf 86' lang='lat' dir='ltr'><strong>aut</strong></span> <span class='ocrx_word' id='word_1_115' title='bbox 963 1990 1049 2055; x_wconf 90' lang='lat' dir='ltr'><strong>illius</strong></span> <span class='ocrx_word' id='word_1_116' title='bbox 1073 1991 1261 2074; x_wconf 88' lang='lat' dir='ltr'><strong>potestatem</strong></span> <span class='ocrx_word' id='word_1_117' title='bbox 1283 1987 1341 2051; x_wconf 92' lang='lat' dir='ltr'><strong>ha·</strong></span> 
     </span>
    </p>
   </div>
   <div class='ocr_carea' id='block_1_3' title="bbox 36 2092 1343 2182">
    <p class='ocr_par' dir='ltr' id='par_1_4' title="bbox 36 2092 1343 2182">
     <span class='ocr_line' id='line_1_16' title="bbox 36 2092 1343 2182; baseline -0.003 -22"><span class='ocrx_word' id='word_1_118' title='bbox 36 2177 37 2180; x_wconf 9' lang='lat'>¹</span> <span class='ocrx_word' id='word_1_119' title='bbox 139 2092 246 2159; x_wconf 87' lang='lat' dir='ltr'><strong>bentis</strong></span> <span class='ocrx_word' id='word_1_120' title='bbox 268 2116 440 2178; x_wconf 86' lang='lat' dir='ltr'><strong>exponere,</strong></span> <span class='ocrx_word' id='word_1_121' title='bbox 470 2095 519 2162; x_wconf 92' lang='lat' dir='ltr'><strong>De</strong></span> <span class='ocrx_word' id='word_1_122' title='bbox 541 2097 673 2182; x_wconf 85' lang='lat' dir='ltr'><strong>receptis</strong></span> <span class='ocrx_word' id='word_1_123' title='bbox 697 2101 728 2161; x_wconf 89' lang='lat' dir='ltr'><strong>et</strong></span> <span class='ocrx_word' id='word_1_124' title='bbox 751 2097 903 2182; x_wconf 86' lang='lat' dir='ltr'><strong>expositis</strong></span> <span class='ocrx_word' id='word_1_125' title='bbox 927 2097 1082 2162; x_wconf 87' lang='lat' dir='ltr'><strong>rationem</strong></span> <span class='ocrx_word' id='word_1_126' title='bbox 1105 2098 1137 2159; x_wconf 90' lang='lat' dir='ltr'><strong>et</strong></span> <span class='ocrx_word' id='word_1_127' title='bbox 1160 2096 1343 2178; x_wconf 89' lang='lat' dir='ltr'><strong>computum</strong></span> 
     </span>
    </p>
   </div>
   <div class='ocr_carea' id='block_1_4' title="bbox 141 2198 1343 2286">
    <p class='ocr_par' dir='ltr' id='par_1_5' title="bbox 141 2198 1343 2286">
     <span class='ocr_line' id='line_1_17' title="bbox 141 2198 1343 2286; baseline -0.002 -23"><span class='ocrx_word' id='word_1_128' title='bbox 141 2198 261 2278; x_wconf 87' lang='lat' dir='ltr'><strong>lacere,</strong></span> <span class='ocrx_word' id='word_1_129' title='bbox 293 2199 412 2285; x_wconf 88' lang='lat' dir='ltr'><strong>hecque</strong></span> <span class='ocrx_word' id='word_1_130' title='bbox 441 2205 473 2266; x_wconf 87' lang='lat' dir='ltr'><strong>et</strong></span> <span class='ocrx_word' id='word_1_131' title='bbox 496 2203 558 2267; x_wconf 88' lang='lat' dir='ltr'><strong>alia</strong></span> <span class='ocrx_word' id='word_1_132' title='bbox 579 2205 675 2286; x_wconf 90' lang='lat' dir='ltr'><strong>prout</strong></span> <span class='ocrx_word' id='word_1_133' title='bbox 697 2201 747 2266; x_wconf 92' lang='lat' dir='ltr'><strong>illi</strong></span> <span class='ocrx_word' id='word_1_134' title='bbox 770 2202 937 2267; x_wconf 90' lang='lat' dir='ltr'><strong>commissa</strong></span> <span class='ocrx_word' id='word_1_135' title='bbox 970 2201 1093 2266; x_wconf 86' lang='lat' dir='ltr'><strong>fuerint</strong></span> <span class='ocrx_word' id='word_1_136' title='bbox 1115 2200 1149 2264; x_wconf 90' lang='lat' dir='ltr'><strong>in</strong></span> <span class='ocrx_word' id='word_1_137' title='bbox 1173 2219 1289 2285; x_wconf 81' lang='lat' dir='ltr'><strong>genere</strong></span> <span class='ocrx_word' id='word_1_138' title='bbox 1312 2202 1343 2260; x_wconf 84' lang='lat' dir='ltr'><strong>et</strong></span> 
     </span>
    </p>
   </div>
   <div class='ocr_carea' id='block_1_5' title="bbox 36 2303 1344 2524">
    <p class='ocr_par' dir='ltr' id='par_1_6' title="bbox 36 2303 1344 2524">
     <span class='ocr_line' id='line_1_18' title="bbox 143 2303 1344 2392; baseline 0 -26"><span class='ocrx_word' id='word_1_139' title='bbox 143 2304 175 2368; x_wconf 92' lang='lat' dir='ltr'><strong>in</strong></span> <span class='ocrx_word' id='word_1_140' title='bbox 197 2304 302 2390; x_wconf 87' lang='lat' dir='ltr'><strong>specie</strong></span> <span class='ocrx_word' id='word_1_141' title='bbox 324 2304 460 2371; x_wconf 91' lang='lat' dir='ltr'><strong>fideliter</strong></span> <span class='ocrx_word' id='word_1_142' title='bbox 482 2307 657 2392; x_wconf 89' lang='lat' dir='ltr'><strong>adimplere</strong></span> <span class='ocrx_word' id='word_1_143' title='bbox 679 2307 809 2386; x_wconf 88' lang='lat' dir='ltr'><strong>iurabit,</strong></span> <span class='ocrx_word' id='word_1_144' title='bbox 834 2305 896 2371; x_wconf 92' lang='lat' dir='ltr'><strong>Pro</strong></span> <span class='ocrx_word' id='word_1_145' title='bbox 912 2307 977 2370; x_wconf 86' lang='lat' dir='ltr'><strong>suis</strong></span> <span class='ocrx_word' id='word_1_146' title='bbox 992 2311 1099 2370; x_wconf 85' lang='lat' dir='ltr'><strong>tamen</strong></span> <span class='ocrx_word' id='word_1_147' title='bbox 1120 2303 1282 2370; x_wconf 89' lang='lat' dir='ltr'><strong>laboribus</strong></span> <span class='ocrx_word' id='word_1_148' title='bbox 1305 2303 1344 2366; x_wconf 86' lang='lat' dir='ltr'><strong>ab</strong></span> 
     </span>
     <span class='ocr_line' id='line_1_19' title="bbox 36 2407 985 2524; baseline 0.002 -52"><span class='ocrx_word' id='word_1_149' title='bbox 36 2481 42 2524; x_wconf 73' lang='lat'><strong>,</strong></span> <span class='ocrx_word' id='word_1_150' title='bbox 144 2409 351 2475; x_wconf 76' lang='lat' dir='ltr'><strong>uniuersitate</strong></span> <span class='ocrx_word' id='word_1_151' title='bbox 373 2411 457 2476; x_wconf 84' lang='lat' dir='ltr'><strong>iusto</strong></span> <span class='ocrx_word' id='word_1_152' title='bbox 481 2415 512 2476; x_wconf 90' lang='lat' dir='ltr'><strong>et</strong></span> <span class='ocrx_word' id='word_1_153' title='bbox 534 2411 657 2476; x_wconf 86' lang='lat' dir='ltr'><strong>decenti</strong></span> <span class='ocrx_word' id='word_1_154' title='bbox 680 2410 795 2476; x_wconf 90' lang='lat' dir='ltr'><strong>salario</strong></span> <span class='ocrx_word' id='word_1_155' title='bbox 818 2407 866 2475; x_wconf 92' lang='lat' dir='ltr'><strong>illi</strong></span> <span class='ocrx_word' id='word_1_156' title='bbox 888 2411 985 2476; x_wconf 87' lang='lat' dir='ltr'><strong>saluo.</strong></span> 
     </span>
    </p>
   </div>
   <div class='ocr_carea' id='block_1_6' title="bbox 473 2655 1018 2722">
    <p class='ocr_par' dir='ltr' id='par_1_7' title="bbox 473 2655 1018 2722">
     <span class='ocr_line' id='line_1_20' title="bbox 473 2655 1018 2722; baseline 0 0"><span class='ocrx_word' id='word_1_157' title='bbox 473 2657 530 2722; x_wconf 89' lang='lat' dir='ltr'><strong>De</strong></span> <span class='ocrx_word' id='word_1_158' title='bbox 553 2656 683 2722; x_wconf 90' lang='lat' dir='ltr'><strong>Missa</strong></span> <span class='ocrx_word' id='word_1_159' title='bbox 705 2655 1018 2722; x_wconf 80' lang='lat' dir='ltr'><strong>uniuersitatis</strong></span> 
     </span>
    </p>
   </div>
   <div class='ocr_carea' id='block_1_7' title="bbox 232 2825 1346 2900">
    <p class='ocr_par' dir='ltr' id='par_1_8' title="bbox 232 2825 1346 2900">
     <span class='ocr_line' id='line_1_21' title="bbox 232 2825 1346 2900; baseline -0.011 0"><span class='ocrx_word' id='word_1_160' title='bbox 232 2833 279 2900; x_wconf 89' lang='lat' dir='ltr'><strong>Vt</strong></span> <span class='ocrx_word' id='word_1_161' title='bbox 302 2835 368 2900; x_wconf 86' lang='lat' dir='ltr'><strong>vita</strong></span> <span class='ocrx_word' id='word_1_162' title='bbox 390 2833 553 2899; x_wconf 86' lang='lat' dir='ltr'><strong>scolastica</strong></span> <span class='ocrx_word' id='word_1_163' title='bbox 576 2832 634 2896; x_wconf 90' lang='lat' dir='ltr'><strong>sub</strong></span> <span class='ocrx_word' id='word_1_164' title='bbox 657 2833 706 2896; x_wconf 91' lang='lat' dir='ltr'><strong>dei</strong></span> <span class='ocrx_word' id='word_1_165' title='bbox 729 2832 842 2896; x_wconf 89' lang='lat' dir='ltr'><strong>timore</strong></span> <span class='ocrx_word' id='word_1_166' title='bbox 865 2835 897 2894; x_wconf 89' lang='lat' dir='ltr'><strong>et</strong></span> <span class='ocrx_word' id='word_1_167' title='bbox 920 2829 1038 2895; x_wconf 84' lang='lat' dir='ltr'><strong>datoris</strong></span> <span class='ocrx_word' id='word_1_168' title='bbox 1054 2827 1271 2894; x_wconf 85' lang='lat' dir='ltr'><strong>scientiarium</strong></span> <span class='ocrx_word' id='word_1_169' title='bbox 1293 2825 1346 2889; x_wconf 91' lang='lat' dir='ltr'><strong>de·</strong></span> 
     </span>
    </p>
   </div>
   <div class='ocr_carea' id='block_1_8' title="bbox 150 2932 1347 3024">
    <p class='ocr_par' dir='ltr' id='par_1_9' title="bbox 40 2927 1347 3024">
     <span class='ocr_line' id='line_1_22' title="bbox 150 2932 1347 3024; baseline -0.009 -20.01"><span class='ocrx_word' id='word_1_170' title='bbox 150 2941 230 3006; x_wconf 86' lang='lat' dir='ltr'><strong>centi</strong></span> <span class='ocrx_word' id='word_1_171' title='bbox 255 2940 450 3024; x_wconf 79' lang='lat' dir='ltr'><strong>gratitudine</strong></span> <span class='ocrx_word' id='word_1_172' title='bbox 473 2939 635 3004; x_wconf 89' lang='lat' dir='ltr'><strong>decoretur</strong></span> <span class='ocrx_word' id='word_1_173' title='bbox 649 2935 836 3015; x_wconf 82' lang='lat' dir='ltr'><strong>Statuimus,</strong></span> <span class='ocrx_word' id='word_1_174' title='bbox 858 2939 895 2999; x_wconf 83' lang='lat' dir='ltr'><strong>vt</strong></span> <span class='ocrx_word' id='word_1_175' title='bbox 915 2935 1105 3000; x_wconf 78' lang='lat' dir='ltr'><strong>vuiuersitas</strong></span> <span class='ocrx_word' id='word_1_176' title='bbox 1127 2933 1177 2997; x_wconf 93' lang='lat' dir='ltr'><strong>bis</strong></span> <span class='ocrx_word' id='word_1_177' title='bbox 1201 2932 1347 2996; x_wconf 88' lang='lat' dir='ltr'><strong>adminus</strong></span> 
     </span>
    </p>
   </div>
   <div class='ocr_carea' id='block_1_9' title="bbox 152 3036 1352 3338">
    <p class='ocr_par' dir='ltr' id='par_1_10' title="bbox 152 3036 1352 3338">
     <span class='ocr_line' id='line_1_23' title="bbox 152 3036 1348 3124; baseline -0.01 -14"><span class='ocrx_word' id='word_1_178' title='bbox 152 3048 182 3110; x_wconf 92' lang='lat' dir='ltr'><strong>in</strong></span> <span class='ocrx_word' id='word_1_179' title='bbox 204 3067 291 3112; x_wconf 86' lang='lat' dir='ltr'><strong>anno</strong></span> <span class='ocrx_word' id='word_1_180' title='bbox 313 3045 463 3110; x_wconf 88' lang='lat' dir='ltr'><strong>Missas</strong></span> <span class='ocrx_word' id='word_1_181' title='bbox 485 3044 635 3110; x_wconf 89' lang='lat' dir='ltr'><strong>celebrari</strong></span> <span class='ocrx_word' id='word_1_182' title='bbox 670 3043 776 3121; x_wconf 84' lang='lat' dir='ltr'><strong>faciat,</strong></span> <span class='ocrx_word' id='word_1_183' title='bbox 799 3043 840 3106; x_wconf 92' lang='lat' dir='ltr'><strong>ob</strong></span> <span class='ocrx_word' id='word_1_184' title='bbox 862 3042 1016 3106; x_wconf 93' lang='lat' dir='ltr'><strong>honorem</strong></span> <span class='ocrx_word' id='word_1_185' title='bbox 1046 3039 1095 3103; x_wconf 89' lang='lat' dir='ltr'><strong>dei</strong></span> <span class='ocrx_word' id='word_1_186' title='bbox 1118 3036 1348 3124; x_wconf 90' lang='lat' dir='ltr'><strong>omnipotentis</strong></span> 
     </span>
     <span class='ocr_line' id='line_1_24' title="bbox 152 3141 1352 3233; baseline -0.008 -19"><span class='ocrx_word' id='word_1_187' title='bbox 152 3151 271 3216; x_wconf 83' lang='lat' dir='ltr'><strong>exordii</strong></span> <span class='ocrx_word' id='word_1_188' title='bbox 302 3151 405 3215; x_wconf 89' lang='lat' dir='ltr'><strong>omnis</strong></span> <span class='ocrx_word' id='word_1_189' title='bbox 437 3151 513 3215; x_wconf 91' lang='lat' dir='ltr'><strong>boni</strong></span> <span class='ocrx_word' id='word_1_190' title='bbox 536 3150 767 3215; x_wconf 85' lang='lat' dir='ltr'><strong>Gloriosissime</strong></span> <span class='ocrx_word' id='word_1_191' title='bbox 791 3149 857 3212; x_wconf 87' lang='lat' dir='ltr'><strong>eius</strong></span> <span class='ocrx_word' id='word_1_192' title='bbox 888 3145 1051 3233; x_wconf 88' lang='lat' dir='ltr'><strong>genitricis</strong></span> <span class='ocrx_word' id='word_1_193' title='bbox 1082 3143 1218 3230; x_wconf 84' lang='lat' dir='ltr'><strong>virginis</strong></span> <span class='ocrx_word' id='word_1_194' title='bbox 1241 3141 1352 3218; x_wconf 89' lang='lat' dir='ltr'><strong>Marie,</strong></span> 
     </span>
     <span class='ocr_line' id='line_1_25' title="bbox 154 3245 1350 3338; baseline -0.009 -18"><span class='ocrx_word' id='word_1_195' title='bbox 154 3256 226 3322; x_wconf 89' lang='lat' dir='ltr'><strong>cleri</strong></span> <span class='ocrx_word' id='word_1_196' title='bbox 249 3257 401 3322; x_wconf 91' lang='lat' dir='ltr'><strong>aduocate</strong></span> <span class='ocrx_word' id='word_1_197' title='bbox 430 3255 607 3332; x_wconf 81' lang='lat' dir='ltr'><strong>uberrime,</strong></span> <span class='ocrx_word' id='word_1_198' title='bbox 638 3255 798 3338; x_wconf 87' lang='lat' dir='ltr'><strong>totiusque</strong></span> <span class='ocrx_word' id='word_1_199' title='bbox 829 3251 915 3317; x_wconf 89' lang='lat' dir='ltr'><strong>curie</strong></span> <span class='ocrx_word' id='word_1_200' title='bbox 944 3251 1083 3327; x_wconf 86' lang='lat' dir='ltr'><strong>celestis,</strong></span> <span class='ocrx_word' id='word_1_201' title='bbox 1114 3271 1172 3333; x_wconf 89' lang='lat' dir='ltr'><strong>pro</strong></span> <span class='ocrx_word' id='word_1_202' title='bbox 1196 3245 1302 3311; x_wconf 89' lang='lat' dir='ltr'><strong>Beuef</strong></span> <span class='ocrx_word' id='word_1_203' title='bbox 1335 3281 1350 3292; x_wconf 97' lang='lat'>-</span> 
     </span>
    </p>
   </div>
   <div class='ocr_carea' id='block_1_10' title="bbox 48 3351 1354 3553">
    <p class='ocr_par' dir='ltr' id='par_1_11' title="bbox 48 3351 1354 3553">
     <span class='ocr_line' id='line_1_26' title="bbox 48 3351 1351 3441; baseline -0.012 -12"><span class='ocrx_word' id='word_1_204' title='bbox 48 3393 50 3418; x_wconf 67' lang='grc' dir='ltr'>ι</span> <span class='ocrx_word' id='word_1_205' title='bbox 155 3367 257 3428; x_wconf 90' lang='lat' dir='ltr'><strong>torum</strong></span> <span class='ocrx_word' id='word_1_206' title='bbox 290 3365 323 3427; x_wconf 90' lang='lat' dir='ltr'><strong>et</strong></span> <span class='ocrx_word' id='word_1_207' title='bbox 352 3362 449 3426; x_wconf 92' lang='lat' dir='ltr'><strong>studii</strong></span> <span class='ocrx_word' id='word_1_208' title='bbox 481 3361 685 3425; x_wconf 85' lang='lat' dir='ltr'><strong>fundatorum</strong></span> <span class='ocrx_word' id='word_1_209' title='bbox 719 3359 821 3423; x_wconf 83' lang='lat' dir='ltr'><strong>salute</strong></span> <span class='ocrx_word' id='word_1_210' title='bbox 851 3357 980 3440; x_wconf 88' lang='lat' dir='ltr'><strong>eiusque</strong></span> <span class='ocrx_word' id='word_1_211' title='bbox 1012 3357 1184 3441; x_wconf 82' lang='lat' dir='ltr'><strong>augmento</strong></span> <span class='ocrx_word' id='word_1_212' title='bbox 1208 3351 1351 3428; x_wconf 84' lang='lat' dir='ltr'><strong>salutari,</strong></span> 
     </span>
     <span class='ocr_line' id='line_1_27' title="bbox 51 3454 1354 3553; baseline -0.015 -16"><span class='ocrx_word' id='word_1_213' title='bbox 51 3535 52 3542; x_wconf 70' lang='grc'>,</span> <span class='ocrx_word' id='word_1_214' title='bbox 156 3491 247 3534; x_wconf 83' lang='lat' dir='ltr'><strong>mam</strong></span> <span class='ocrx_word' id='word_1_215' title='bbox 271 3468 306 3532; x_wconf 91' lang='lat' dir='ltr'><strong>in</strong></span> <span class='ocrx_word' id='word_1_216' title='bbox 329 3467 485 3553; x_wconf 88' lang='lat' dir='ltr'><strong>principio</strong></span> <span class='ocrx_word' id='word_1_217' title='bbox 507 3465 604 3531; x_wconf 88' lang='lat' dir='ltr'><strong>studii</strong></span> <span class='ocrx_word' id='word_1_218' title='bbox 626 3464 767 3529; x_wconf 87' lang='lat' dir='ltr'><strong>estiualis</strong></span> <span class='ocrx_word' id='word_1_219' title='bbox 790 3463 958 3546; x_wconf 87' lang='lat' dir='ltr'><strong>Reliquam</strong></span> <span class='ocrx_word' id='word_1_220' title='bbox 981 3480 1106 3544; x_wconf 91' lang='lat' dir='ltr'><strong>quoque</strong></span> <span class='ocrx_word' id='word_1_221' title='bbox 1128 3461 1201 3542; x_wconf 88' lang='lat' dir='ltr'><strong>post</strong></span> <span class='ocrx_word' id='word_1_222' title='bbox 1223 3454 1354 3519; x_wconf 90' lang='lat' dir='ltr'><strong>initium</strong></span> 
     </span>
    </p>
   </div>
   <div class='ocr_carea' id='block_1_11' title="bbox 156 3559 1362 4401">
    <p class='ocr_par' dir='ltr' id='par_1_12' title="bbox 156 3559 1362 4401">
     <span class='ocr_line' id='line_1_28' title="bbox 156 3559 1358 3658; baseline -0.012 -20"><span class='ocrx_word' id='word_1_223' title='bbox 156 3575 250 3638; x_wconf 90' lang='lat' dir='ltr'><strong>studii</strong></span> <span class='ocrx_word' id='word_1_224' title='bbox 274 3571 415 3658; x_wconf 86' lang='lat' dir='ltr'><strong>yemalis.</strong></span> <span class='ocrx_word' id='word_1_225' title='bbox 462 3570 501 3635; x_wconf 95' lang='lat' dir='ltr'><strong>In</strong></span> <span class='ocrx_word' id='word_1_226' title='bbox 524 3571 621 3636; x_wconf 88' lang='lat' dir='ltr'><strong>missa</strong></span> <span class='ocrx_word' id='word_1_227' title='bbox 643 3570 823 3635; x_wconf 88' lang='lat' dir='ltr'><strong>huiusmodi</strong></span> <span class='ocrx_word' id='word_1_228' title='bbox 836 3568 981 3633; x_wconf 86' lang='lat' dir='ltr'><strong>volumus</strong></span> <span class='ocrx_word' id='word_1_229' title='bbox 997 3570 1028 3630; x_wconf 90' lang='lat' dir='ltr'><strong>et</strong></span> <span class='ocrx_word' id='word_1_230' title='bbox 1043 3565 1244 3630; x_wconf 90' lang='lat' dir='ltr'><strong>ordinamus:</strong></span> <span class='ocrx_word' id='word_1_231' title='bbox 1267 3559 1358 3636; x_wconf 82' lang='lat' dir='ltr'><strong>Quod</strong></span> 
     </span>
     <span class='ocr_line' id='line_1_29' title="bbox 157 3666 1354 3763; baseline -0.012 -21"><span class='ocrx_word' id='word_1_232' title='bbox 157 3700 263 3743; x_wconf 87' lang='lat' dir='ltr'><strong>omnes</strong></span> <span class='ocrx_word' id='word_1_233' title='bbox 286 3682 318 3742; x_wconf 91' lang='lat' dir='ltr'><strong>et</strong></span> <span class='ocrx_word' id='word_1_234' title='bbox 340 3678 459 3763; x_wconf 83' lang='lat' dir='ltr'><strong>singuli</strong></span> <span class='ocrx_word' id='word_1_235' title='bbox 484 3677 635 3743; x_wconf 85' lang='lat' dir='ltr'><strong>Doctores</strong></span> <span class='ocrx_word' id='word_1_236' title='bbox 659 3675 808 3761; x_wconf 81' lang='lat' dir='ltr'><strong>Magistri</strong></span> <span class='ocrx_word' id='word_1_237' title='bbox 824 3672 994 3738; x_wconf 80' lang='lat' dir='ltr'><strong>licentiati</strong></span> <span class='ocrx_word' id='word_1_238' title='bbox 1016 3675 1049 3736; x_wconf 89' lang='lat' dir='ltr'><strong>et</strong></span> <span class='ocrx_word' id='word_1_239' title='bbox 1064 3667 1264 3735; x_wconf 88' lang='lat' dir='ltr'><strong>Baccalaurei</strong></span> <span class='ocrx_word' id='word_1_240' title='bbox 1287 3666 1354 3730; x_wconf 87' lang='lat' dir='ltr'><strong>sin·</strong></span> 
     </span>
     <span class='ocr_line' id='line_1_30' title="bbox 158 3770 1356 3869; baseline -0.014 -21"><span class='ocrx_word' id='word_1_241' title='bbox 158 3785 304 3869; x_wconf 83' lang='lat' dir='ltr'><strong>gularum</strong></span> <span class='ocrx_word' id='word_1_242' title='bbox 334 3783 523 3849; x_wconf 84' lang='lat' dir='ltr'><strong>facultatum</strong></span> <span class='ocrx_word' id='word_1_243' title='bbox 551 3783 691 3848; x_wconf 84' lang='lat' dir='ltr'><strong>vestibus</strong></span> <span class='ocrx_word' id='word_1_244' title='bbox 720 3781 786 3844; x_wconf 88' lang='lat' dir='ltr'><strong>suis</strong></span> <span class='ocrx_word' id='word_1_245' title='bbox 808 3777 1042 3844; x_wconf 89' lang='lat' dir='ltr'><strong>honestioribus</strong></span> <span class='ocrx_word' id='word_1_246' title='bbox 1072 3773 1179 3841; x_wconf 89' lang='lat' dir='ltr'><strong>ornati</strong></span> <span class='ocrx_word' id='word_1_247' title='bbox 1202 3795 1238 3837; x_wconf 87' lang='lat' dir='ltr'><strong>ac</strong></span> <span class='ocrx_word' id='word_1_248' title='bbox 1259 3770 1356 3834; x_wconf 85' lang='lat' dir='ltr'><strong>etiam</strong></span> 
     </span>
     <span class='ocr_line' id='line_1_31' title="bbox 159 3875 1359 3974; baseline -0.013 -22"><span class='ocrx_word' id='word_1_249' title='bbox 159 3891 264 3955; x_wconf 90' lang='lat' dir='ltr'><strong>omnia</strong></span> <span class='ocrx_word' id='word_1_250' title='bbox 292 3890 357 3954; x_wconf 90' lang='lat' dir='ltr'><strong>alia</strong></span> <span class='ocrx_word' id='word_1_251' title='bbox 388 3889 552 3974; x_wconf 86' lang='lat' dir='ltr'><strong>supposita</strong></span> <span class='ocrx_word' id='word_1_252' title='bbox 584 3894 617 3955; x_wconf 91' lang='lat' dir='ltr'><strong>et</strong></span> <span class='ocrx_word' id='word_1_253' title='bbox 651 3887 793 3952; x_wconf 88' lang='lat' dir='ltr'><strong>membra</strong></span> <span class='ocrx_word' id='word_1_254' title='bbox 823 3883 1041 3948; x_wconf 87' lang='lat' dir='ltr'><strong>vniuersitatis</strong></span> <span class='ocrx_word' id='word_1_255' title='bbox 1072 3879 1220 3946; x_wconf 91' lang='lat' dir='ltr'><strong>similiter</strong></span> <span class='ocrx_word' id='word_1_256' title='bbox 1241 3875 1359 3940; x_wconf 86' lang='lat' dir='ltr'><strong>vestita</strong></span> 
     </span>
     <span class='ocr_line' id='line_1_32' title="bbox 160 3980 1359 4081; baseline -0.014 -23"><span class='ocrx_word' id='word_1_257' title='bbox 160 3995 318 4062; x_wconf 81' lang='lat' dir='ltr'><strong>decentius</strong></span> <span class='ocrx_word' id='word_1_258' title='bbox 347 4002 510 4081; x_wconf 86' lang='lat' dir='ltr'><strong>presentes</strong></span> <span class='ocrx_word' id='word_1_259' title='bbox 540 3995 605 4060; x_wconf 90' lang='lat' dir='ltr'><strong>sint</strong></span> <span class='ocrx_word' id='word_1_260' title='bbox 633 3999 665 4059; x_wconf 90' lang='lat' dir='ltr'><strong>et</strong></span> <span class='ocrx_word' id='word_1_261' title='bbox 695 3994 861 4058; x_wconf 88' lang='lat' dir='ltr'><strong>offerentes</strong></span> <span class='ocrx_word' id='word_1_262' title='bbox 883 3987 959 4054; x_wconf 85' lang='lat' dir='ltr'><strong>Non</strong></span> <span class='ocrx_word' id='word_1_263' title='bbox 991 3985 1143 4052; x_wconf 85' lang='lat' dir='ltr'><strong>recessuri</strong></span> <span class='ocrx_word' id='word_1_264' title='bbox 1164 3986 1239 4048; x_wconf 90' lang='lat' dir='ltr'><strong>ante</strong></span> <span class='ocrx_word' id='word_1_265' title='bbox 1261 3980 1359 4044; x_wconf 90' lang='lat' dir='ltr'><strong>finem</strong></span> 
     </span>
     <span class='ocr_line' id='line_1_33' title="bbox 161 4091 1362 4186; baseline -0.016 -20"><span class='ocrx_word' id='word_1_266' title='bbox 161 4103 224 4166; x_wconf 87' lang='lat' dir='ltr'><strong>sine</strong></span> <span class='ocrx_word' id='word_1_267' title='bbox 247 4101 432 4167; x_wconf 89' lang='lat' dir='ltr'><strong>rationabili</strong></span> <span class='ocrx_word' id='word_1_268' title='bbox 455 4125 548 4167; x_wconf 83' lang='lat' dir='ltr'><strong>causa</strong></span> <span class='ocrx_word' id='word_1_269' title='bbox 569 4102 627 4165; x_wconf 92' lang='lat' dir='ltr'><strong>sub</strong></span> <span class='ocrx_word' id='word_1_270' title='bbox 645 4123 727 4186; x_wconf 87' lang='lat' dir='ltr'><strong>pena</strong></span> <span class='ocrx_word' id='word_1_271' title='bbox 748 4098 782 4161; x_wconf 91' lang='lat' dir='ltr'><strong>in</strong></span> <span class='ocrx_word' id='word_1_272' title='bbox 798 4095 943 4162; x_wconf 87' lang='lat' dir='ltr'><strong>Rectoris</strong></span> <span class='ocrx_word' id='word_1_273' title='bbox 967 4094 1118 4158; x_wconf 90' lang='lat' dir='ltr'><strong>mandato</strong></span> <span class='ocrx_word' id='word_1_274' title='bbox 1141 4112 1198 4176; x_wconf 91' lang='lat' dir='ltr'><strong>pro</strong></span> <span class='ocrx_word' id='word_1_275' title='bbox 1220 4091 1362 4170; x_wconf 92' lang='lat' dir='ltr'><strong>tempore</strong></span> 
     </span>
     <span class='ocr_line' id='line_1_34' title="bbox 162 4189 1362 4293; baseline -0.018 -18"><span class='ocrx_word' id='word_1_276' title='bbox 162 4209 365 4292; x_wconf 87' lang='lat' dir='ltr'><strong>publicanda,</strong></span> <span class='ocrx_word' id='word_1_277' title='bbox 396 4209 514 4293; x_wconf 87' lang='lat' dir='ltr'><strong>fiatque</strong></span> <span class='ocrx_word' id='word_1_278' title='bbox 536 4217 613 4273; x_wconf 89' lang='lat' dir='ltr'><strong>tunc</strong></span> <span class='ocrx_word' id='word_1_279' title='bbox 636 4205 722 4271; x_wconf 91' lang='lat' dir='ltr'><strong>illico</strong></span> <span class='ocrx_word' id='word_1_280' title='bbox 745 4204 872 4269; x_wconf 89' lang='lat' dir='ltr'><strong>collatio</strong></span> <span class='ocrx_word' id='word_1_281' title='bbox 894 4201 1018 4266; x_wconf 91' lang='lat' dir='ltr'><strong>vberior</strong></span> <span class='ocrx_word' id='word_1_282' title='bbox 1041 4221 1098 4286; x_wconf 90' lang='lat' dir='ltr'><strong>per</strong></span> <span class='ocrx_word' id='word_1_283' title='bbox 1121 4196 1286 4261; x_wconf 83' lang='lat' dir='ltr'><strong>Ductorem</strong></span> <span class='ocrx_word' id='word_1_284' title='bbox 1313 4189 1362 4254; x_wconf 86' lang='lat' dir='ltr'><strong>vel</strong></span> 
     </span>
     <span class='ocr_line' id='line_1_35' title="bbox 163 4314 699 4401; baseline -0.006 -20"><span class='ocrx_word' id='word_1_285' title='bbox 163 4337 246 4381; x_wconf 87' lang='lat' dir='ltr'><strong>sacre</strong></span> <span class='ocrx_word' id='word_1_286' title='bbox 268 4316 428 4401; x_wconf 85' lang='lat' dir='ltr'><strong>theologie</strong></span> <span class='ocrx_word' id='word_1_287' title='bbox 449 4314 699 4380; x_wconf 89' lang='lat' dir='ltr'><strong>Baccalaureum.</strong></span> 
     </span>
    </p>
   </div>
   <div class='ocr_carea' id='block_1_12' title="bbox 214 4510 1156 4592">
    <p class='ocr_par' dir='ltr' id='par_1_13' title="bbox 214 4510 1156 4592">
     <span class='ocr_line' id='line_1_36' title="bbox 214 4510 1156 4592; baseline -0.029 -2"><span class='ocrx_word' id='word_1_288' title='bbox 214 4547 347 4591; x_wconf 82' lang='lat' dir='ltr'><strong>Urkunden</strong></span> <span class='ocrx_word' id='word_1_289' title='bbox 360 4547 401 4586; x_wconf 91' lang='lat' dir='ltr'><strong>der</strong></span> <span class='ocrx_word' id='word_1_290' title='bbox 415 4545 443 4587; x_wconf 88' lang='lat' dir='ltr'><strong>U.</strong></span> <span class='ocrx_word' id='word_1_291' title='bbox 458 4543 588 4592; x_wconf 68' lang='lat' dir='ltr'><strong>ratingen.</strong></span> <span class='ocrx_word' id='word_1_292' title='bbox 1140 4510 1156 4563; x_wconf 85' lang='grc'><strong>5</strong></span> 
     </span>
    </p>
   </div>
   <div class='ocr_carea' id='block_1_13' title="bbox 0 0 1779 5314">
    <p class='ocr_par' dir='ltr' id='par_1_14' title="bbox 0 0 1779 5314">
     <span class='ocr_line' id='line_1_37' title="bbox 0 0 1779 5314; baseline 0 0"><span class='ocrx_word' id='word_1_293' title='bbox 0 0 1779 5314; x_wconf 95' lang='lat' dir='ltr'><strong> </strong></span> 
     </span>
    </p>
   </div>
  </div>
 </body>
</html>
