3442 5314
348 473 390 535 52
705 470 728 523 8.
755 468 887 523 Statuten
907 485 971 524 vom
989 469 1015 523 9.
1033 467 1097 523 Okt.
1118 469 1194 525 1477.

347 627 514 692 Rectorem
537 631 570 692 et
592 647 664 690 suos
689 647 857 690 assessores
872 627 1046 711 approbata
1070 627 1103 690 in
1120 628 1182 692 alio
1197 629 1329 695 honesto
1345 629 1414 694 loco
1436 630 1553 694 standi.

348 733 541 798 Huiusmodi
563 731 706 796 studenti
730 733 874 818 specialis
898 732 1035 809 licentia,
1059 731 1170 817 (quam
1192 733 1226 797 in
1250 735 1375 819 scriptis
1398 735 1435 799 de
1456 757 1554 799 manu

351 837 468 902 notarii
501 837 720 902 rniuersitatis
751 838 889 920 recipere
922 841 1089 914 teneatur,
1124 842 1159 901 vt
1191 839 1398 924 imposterum
1430 841 1467 904 de
1499 841 1556 904 illa

350 944 495 1008 constare
527 944 646 1019 valeat,
677 945 710 1005 et
741 942 775 1006 in
807 964 870 1027 qua
892 963 985 1007 causa
1013 941 1140 1006 licentio
1162 965 1232 1008 cum
1255 943 1323 1008 looo
1346 944 1451 1009 standi
1473 946 1556 1010 desi·

347 1049 504 1132 gnentur)
527 1070 584 1132 per
606 1047 777 1113 Rectorem
807 1053 839 1114 et
860 1071 932 1114 suos
966 1069 1135 1113 assessores
1158 1049 1354 1114 concedatur.
1400 1047 1556 1115 Volumus

346 1156 472 1228 tamen,
505 1152 667 1217 studentes
701 1156 822 1218 stantes
853 1154 935 1238 apud
972 1157 1119 1238 parentes
1141 1155 1390 1240 consanguineos
1413 1155 1555 1220 doctores

351 1257 401 1321 vel
424 1257 595 1342 magistros
618 1259 797 1346 regentiam
815 1258 978 1337 habentes,
1003 1259 1119 1323 eisdem
1134 1258 1248 1342 quibus
1263 1260 1404 1324 bursales
1419 1259 1556 1346 gaudere

348 1362 535 1448 priuilegiis.

435 1465 517 1531 Item
539 1467 646 1532 nullus
669 1469 835 1534 bursarum
852 1468 967 1534 Reotor
982 1469 1135 1556 Magister
1157 1491 1213 1534 seu
1236 1469 1340 1553 quiuis
1363 1471 1452 1549 alius,
1475 1469 1552 1534 bur-

311 1566 319 1574 ’
348 1593 415 1637 sam
438 1571 488 1636 vel
511 1573 641 1638 domum
665 1573 795 1638 alterius
818 1574 992 1639 conducere
1014 1577 1194 1659 attemptet,
1218 1574 1283 1640 nisi
1303 1575 1391 1659 prius
1414 1575 1453 1639 ad
1477 1575 1555 1640 duos

350 1699 473 1742 menses
496 1681 570 1742 ante
593 1681 720 1762 tempus
736 1679 912 1757 locationis,
939 1678 1171 1744 inhabitantem
1189 1699 1243 1743 seu
1263 1684 1469 1766 occupantem
1491 1679 1555 1744 sol·

351 1783 437 1846 licite
460 1782 650 1867 requisierit,
675 1805 715 1847 an
741 1784 930 1848 conductam
951 1783 1080 1848 domum
1101 1785 1152 1848 vel
1174 1785 1302 1848 bursam
1324 1785 1484 1872 resignare
1506 1784 1556 1849 vel

350 1888 468 1952 diutius
491 1888 627 1953 retinere
649 1892 815 1973 proponat.
861 1887 903 1953 Et
927 1888 954 1952 si
978 1888 1162 1953 inhabitans
1185 1911 1254 1954 eam
1277 1889 1396 1954 diutius
1419 1891 1556 1955 retinere

357 1992 522 2072 desideret,
546 1993 653 2056 nullus
676 1993 757 2056 alius
786 1991 888 2077 ipsam
911 1993 980 2056 sine
1001 1994 1190 2077 possidentis
1212 2015 1365 2060 consensu
1387 1995 1559 2060 conducere

351 2100 515 2181 presumat
536 2098 595 2161 sub
617 2119 700 2180 pena
724 2099 865 2183 quinque
880 2099 1071 2164 florenorum
1087 2100 1162 2164 fisco
1177 2102 1394 2166 rniuersitatis
1413 2123 1471 2187 pro
1493 2123 1558 2165 vna

350 2207 381 2265 et
405 2201 580 2285 possidenti
605 2221 662 2284 pro
687 2202 749 2266 alia
774 2202 997 2267 medietatibus
1022 2204 1253 2270 soluendorum.

439 2306 520 2370 Item
552 2306 743 2384 statuimus,
774 2309 858 2394 quod
889 2308 995 2391 quiuis
1019 2307 1136 2373 Rector
1157 2310 1249 2376 burse
1278 2311 1458 2376 huiusmodi
1481 2311 1557 2376 sub-

352 2413 502 2496 scriptam
523 2411 622 2476 faciat
645 2412 887 2495 promissionem
910 2414 943 2476 in
966 2413 1112 2478 manibus
1135 2415 1303 2480 cuiuslibet
1317 2415 1462 2481 Hectoris
1485 2417 1556 2481 rni-

351 2517 524 2582 uersitatis.

439 2621 510 2705 Epo
528 2659 565 2669 —-
579 2624 746 2704 promitto,
769 2623 854 2704 qnod
875 2624 956 2688 meis
979 2623 1166 2689 dorsalibus
1188 2624 1257 2690 volo
1278 2625 1419 2706 fideliter
1440 2627 1477 2689 in
1490 2633 1556 2691 mo-

352 2729 444 2794 ribus
468 2727 649 2809 disciplina
674 2734 703 2793 et
725 2729 873 2794 doctrino
895 2748 1040 2809 preesse,
1067 2730 1159 2809 ipsos
1181 2730 1224 2793 ud
1248 2729 1483 2794 latinisondnm
1504 2731 1556 2794 in·

352 2835 485 2913 ducere,
515 2835 647 2898 bursam
677 2853 779 2898 meam
800 2833 892 2897 boris
917 2833 1051 2897 statutis
1074 2832 1114 2896 ab
1141 2833 1369 2911 orrirrersitote,
1402 2835 1558 2914 firmitate

351 2959 416 3003 non
436 2939 530 3018 ricto,
561 2938 709 3002 claudere
741 2937 944 3018 clausumque
976 2939 1128 3020 oonprnis
1158 2941 1354 3020 tenrporibus
1372 2960 1557 3021 proposse

351 3050 465 3122 tenere,
489 3043 650 3108 disootnm
672 3043 722 3107 vet
745 3042 970 3124 reputandum
985 3043 1239 3125 incorripibiiem
1254 3065 1374 3108 mecum
1395 3064 1458 3109 non
1482 3063 1556 3108 sns-

354 3150 471 3228 tinere,
494 3149 573 3231 quin
596 3147 688 3212 ittam
713 3148 840 3212 domino
857 3146 989 3212 Rectori
1010 3147 1062 3212 vet
1084 3149 1155 3213 eius
1171 3149 1344 3215 aritstitnto
1364 3170 1425 3230 per
1439 3171 1487 3212 me
1508 3150 1559 3214 oet

353 3255 455 3320 utinm
477 3255 662 3318 dennncicm
684 3253 932 3332 emendandum,
956 3252 988 3317 A
1012 3253 1109 3319 benno
1127 3273 1191 3334 pro
1215 3253 1308 3318 itlius
1332 3254 1439 3318 boanti
1461 3253 1557 3333 depo-

355 3360 472 3423 sitione
503 3378 567 3422 non
584 3351 665 3438 pins
689 3359 787 3423 tertio
813 3362 909 3438 parte
930 3358 1046 3437 florent
1069 3359 1217 3422 remensis
1244 3360 1370 3440 ccipere
1392 3363 1449 3422 ont
1471 3358 1559 3440 enipi-

349 3467 547 3546 permittere,
570 3463 700 3529 licentio
723 3464 766 3527 ud
788 3463 931 3543 amptius
955 3462 1175 3542 exponendum
1198 3483 1219 3526 a
1241 3462 1375 3526 Rectore
1397 3463 1559 3526 meinersi·

353 3571 433 3633 tutis
455 3589 518 3632 non
541 3569 676 3645 obtenta,
700 3569 857 3648 strepitus
880 3573 910 3631 et
933 3568 1217 3646 incommoditatem
1242 3568 1358 3649 peribus
1380 3567 1482 3631 nicini
1504 3587 1555 3631 oe-

354 3678 493 3751 nontnr‚
530 3677 586 3738 ont
617 3674 863 3737 cornessotiones
897 3671 1097 3754 frequenter,
1134 3692 1204 3737 cnm
1233 3673 1344 3752 edecta
1377 3671 1558 3752 probibere,

354 3777 492 3842 alterins
514 3778 675 3843 detractem
698 3779 819 3860 absone
834 3777 1048 3843 sniRectoris
1072 3778 1121 3843 vet
1143 3777 1371 3842 onincrsitatis
1386 3795 1443 3840 seu
1465 3775 1560 3840 iltius

354 3883 453 3946 nicom
473 3883 615 3964 uerendis
649 3902 825 3960 consor-ren,
868 3903 932 3947 non
953 3884 1096 3964 recipere
1118 3884 1177 3948 snt
1194 3903 1282 3963 peno
1306 3887 1444 3962 quatuor
1463 3881 1560 3961 flore·

355 4005 469 4052 reorum
499 3989 682 4052 renensium
712 3987 810 4051 dictis
841 3986 1033 4052 Rectoribns
1056 3987 1235 4052 deriderem
1264 3987 1382 4050 totiens
1413 3986 1572 4066 quotiens-

355 4093 552 4156 contrarinm
571 4091 693 4171 fecero,
724 4090 868 4172 Ircsnper
887 4094 1041 4172 promitto
1064 4112 1179 4157 curare
1197 4095 1409 4171 porretanus,
1440 4094 1474 4153 ot
1497 4091 1560 4154 met

357 4193 503 4259 derrantes
525 4195 653 4262 honeste
674 4197 785 4261 vest-iti
807 4197 842 4260 in
859 4197 985 4278 plateis
1009 4201 1039 4261 et
1062 4195 1159 4261 scotis
1183 4195 1326 4260 decenter
1348 4194 1433 4276 topia
1455 4199 1484 4258 et
1509 4199 1560 4258 tn·

356 4301 440 4364 nicio
463 4299 556 4365 insto
578 4287 806 4367 oninersitatis
829 4307 987 4368 stutntnm
1009 4301 1167 4367 incedant.
