3462 5320
336 443 399 514 220
697 443 741 497 tl.
767 441 901 498 Statuten
919 439 946 495 d.
965 438 999 494 U.
1018 455 1073 496 von
1093 439 1169 495 1537.

334 607 438 690 potest
460 624 527 668 esse
548 605 583 668 in
598 624 675 690 pace
689 622 773 666 usus.
819 598 871 664 Ad
886 599 1057 665 militarem
1071 599 1202 666 omnino
1217 600 1347 668 modurn
1369 602 1536 682 studiosos,

335 729 408 774 ense
423 712 614 788 transuerso,
638 711 693 774 aut
708 705 946 791 praeminentis
961 727 1018 770 sua
1034 703 1214 789 conspicuo,
1237 707 1355 771 armari
1374 707 1538 774 ferendum

336 835 400 880 non
424 819 472 879 est
494 814 617 891 uisum,
650 813 752 877 multo
780 809 886 876 minus
915 810 977 876 olio
1000 811 1056 876 teli
1079 810 1224 875 inusitati
1246 811 1279 875 in
1304 833 1380 897 pace
1402 816 1435 877 et
1456 835 1538 898 prae-

335 918 426 1002 cipue
448 917 572 983 laetifsri
596 937 719 1004 genere.
766 916 800 984 Si
823 916 895 1002 quis
918 919 1024 982 tamen
1048 916 1122 982 talis
1139 920 1309 1006 armaturae
1325 939 1451 982 causam
1472 939 1540 984 sese

333 1023 448 1090 habere
471 1022 694 1101 arbitrabitur,
727 1023 870 1088 obtineat
892 1021 1124 1087 concessionem
1147 1021 1314 1100 Rectoris,
1338 1027 1375 1087 ut
1398 1022 1454 1088 illo
1478 1023 1540 1088 sibi

335 1129 427 1193 modo
450 1127 544 1193 liceat
565 1132 686 1193 armato
709 1150 793 1205 esse;
828 1127 945 1210 absque
977 1149 1040 1211 qua
1069 1128 1318 1212 quotiescunque
1345 1128 1540 1194 illiusmodi

335 1232 451 1316 aliquis
474 1256 563 1300 arma
584 1234 766 1320 gesteuerit,
789 1232 977 1316 affueritque
999 1232 1033 1297 in
1056 1233 1181 1298 solenni
1204 1238 1362 1305 conuentu
1385 1233 1539 1298 studioso·

335 1358 416 1416 rum,
440 1341 592 1404 autentu
615 1339 781 1405 Rectorem
804 1338 1110 1418 Vniuersitatemue,
1136 1339 1192 1402 aut
1215 1336 1249 1401 in
1272 1336 1395 1415 iuditio,
1422 1338 1538 1404 multe-

336 1445 389 1508 tur
412 1443 529 1509 triente
550 1444 670 1510 floreni.
717 1443 846 1528 Absque
880 1443 939 1508 bac
962 1443 1162 1508 deformitate
1193 1444 1226 1506 et
1249 1463 1319 1507 cum
1342 1442 1450 1508 debita
1470 1465 1538 1508 mo·

335 1547 497 1614 deratione
529 1549 746 1634 gestantibus,
778 1571 817 1614 ne
841 1549 916 1634 quid
939 1549 1050 1615 multae
1072 1547 1249 1634 infligitor,
1280 1551 1337 1613 aut
1357 1569 1457 1634 paenae
1478 1549 1539 1614 im·

336 1651 473 1737 punitor.

339 1902 389 1971 De
411 1903 668 1992 diuagationibus
691 1905 856 1972 nocturnis
879 1904 1069 1970 clamoribus
1085 1907 1117 1968 et
1132 1905 1323 1972 tumultibus
1347 1911 1417 1972 tum
1440 1908 1540 1975 abusu

685 2012 970 2076 instrumentorum
992 2009 1192 2075 musicorum.

423 2178 566 2265 Strepitu
596 2183 629 2246 et
661 2180 851 2246 clamoribus
882 2180 1004 2245 diurnis
1035 2179 1243 2245 interdictum
1272 2183 1340 2246 esto
1362 2179 1537 2262 Vniuersis,

337 2306 398 2369 quo
421 2285 454 2349 in
488 2306 603 2370 genere
631 2285 753 2351 delictis
785 2285 985 2370 grauioribus
1016 2289 1072 2349 aut
1105 2284 1280 2350 leuioribus
1303 2307 1393 2370 paena
1415 2308 1540 2372 quoque

336 2389 466 2454 carceris
489 2411 508 2454 a
529 2389 662 2456 Rectene
684 2390 957 2475 attemperabitur.

424 2492 458 2558 si
481 2493 564 2560 forte
586 2495 830 2560 incendium
854 2495 1005 2573 extiterit,
1029 2517 1069 2560 ne
1085 2494 1156 2579 quis
1176 2497 1294 2560 temere
1309 2500 1462 2577 accurrat,
1486 2496 1541 2580 qui

335 2597 504 2664 ualidiores
526 2604 630 2676 erunt,
653 2600 873 2666 laborantibus
896 2589 1095 2685 opitulentur
1118 2600 1210 2680 licet,
1235 2601 1298 2667 nisi
1321 2602 1405 2668 forte
1427 2603 1540 2689 ingens

334 2703 384 2769 uis
406 2703 541 2770 flammae
563 2705 717 2770 aduncare
739 2706 884 2772 uideatur
905 2706 1080 2771 uniuersos.

423 2806 462 2872 In
486 2810 733 2876 tumultuatione
753 2812 1057 2896 oppidanorum
1080 2832 1175 2876 nemo
1196 2815 1372 2896 procurrat,
1395 2832 1488 2876 nemo
1508 2831 1541 2876 se

333 2911 512 2992 admisceat,
535 2915 588 2981 sed
611 2916 696 2981 domi
720 2916 853 3001 quisquo
875 2925 940 2980 sum
964 2920 1137 2982 remaneat.

423 3016 529 3085 Noctu
560 3019 670 3084 statim
701 3019 742 3084 ab
769 3019 827 3085 illo
858 3023 1017 3103 tempore,
1050 3041 1112 3104 quo
1142 3020 1273 3106 signum
1304 3042 1366 3086 aare
1387 3021 1541 3107 uigilibus

337 3121 406 3188 deri
428 3122 527 3204 solet,
560 3125 677 3209 quique
704 3125 790 3190 domi
812 3128 925 3203 sunto,
958 3146 1014 3210 per
1036 3126 1185 3211 regiones
1208 3126 1296 3191 vrbis
1318 3130 1351 3190 et
1373 3126 1542 3212 angiporta

337 3249 377 3294 ne
398 3230 592 3296 tumultuose
613 3234 788 3317 uagantor,
812 3233 881 3296 tum
904 3230 1041 3296 maxime
1063 3251 1082 3295 a
1105 3231 1139 3296 ui
1160 3235 1193 3296 et
1215 3230 1297 3309 dolo,
1322 3231 1469 3316 inprimis
1492 3253 1542 3297 re-

336 3333 541 3399 serendruum
571 3335 687 3401 aedium
718 3335 894 3400 alienarum
927 3335 1118 3401 abstinento.
1171 3334 1206 3401 Si
1235 3358 1299 3421 qua
1320 3357 1413 3401 cansa
1434 3336 1542 3415 tuerit,

336 3457 392 3502 eur
425 3443 521 3505 noctu
548 3441 583 3505 in
616 3441 742 3525 publico
769 3441 831 3506 sibi
861 3441 1052 3506 uersandum
1085 3441 1202 3526 aliquis
1232 3442 1371 3528 putarit,
1403 3441 1543 3526 primum

337 3544 427 3610 illam
449 3566 574 3611 causam
598 3547 660 3612 sibi
682 3547 882 3632 probandum
904 3547 992 3612 sciat.
1038 3546 1162 3612 Deinde
1184 3569 1256 3612 cum
1273 3547 1488 3613 moderatione
1510 3551 1543 3611 et

339 3637 459 3734 absque
480 3651 726 3718 tumultuatione
750 3674 820 3716 cunr
843 3653 962 3718 lumine
984 3654 1019 3717 in
1041 3653 1168 3738 publico
1192 3657 1344 3732 screator,
1372 3653 1407 3717 ni
1429 3652 1540 3718 feeerit

340 3755 450 3820 diebus
462 3755 523 3822 XV
545 3779 667 3823 carcere
688 3757 876 3823 cohercetor.
924 3757 1122 3823 Refractores
1139 3757 1268 3842 quidem
1283 3758 1408 3836 aedium,
1432 3761 1464 3822 et
1487 3758 1543 3842 qni

336 3861 404 3926 uim
426 3861 569 3938 fecerint,
593 3861 653 3926 boc
675 3863 779 3948 ipsum
802 3864 843 3929 ob
858 3864 979 3930 factum
1003 3864 1113 3929 stetim
1136 3868 1173 3928 ut
1196 3864 1330 3930 inlames
1353 3862 1542 3928 exclusionis

336 3968 373 4033 de
395 3966 613 4033 Vniuersitate
635 3966 829 4034 Scholastica
851 3991 976 4055 paenam
999 3970 1191 4034 sustinento.

421 4072 537 4138 Nullus
559 4073 636 4138 item
659 4073 819 4140 leuissimo
849 4076 937 4160 vulgi
967 4097 1055 4139 more
1078 4097 1134 4159 per
1158 4074 1311 4160 oppidum
1333 4073 1383 4137 die
1405 4075 1542 4137 noctuuc

336 4183 537 4263 tympana
559 4179 679 4263 pulsari
703 4182 800 4259 curet,
823 4183 879 4245 aut
902 4179 973 4263 alijs
997 4180 1219 4245 instrumentis
1244 4177 1373 4243 musicis
1396 4199 1453 4261 per
1475 4176 1542 4240 vias

335 4288 505 4370 grassetur,
529 4284 592 4350 nisi
608 4284 796 4369 impetrarit,
819 4289 856 4350 ut
878 4284 937 4350 hoc
958 4284 1075 4350 feceret
1097 4285 1264 4351 aRectore
1286 4282 1481 4368 indulgente,
1506 4280 1539 4344 in

335 4388 556 4454 sodalitatibus
579 4393 610 4454 et
632 4389 762 4454 caetibus
784 4410 847 4453 non
866 4388 1052 4454 inhonestis.
1101 4389 1163 4466 Qui
1178 4389 1310 4466 curarit,
1334 4387 1446 4452 fecerit
1469 4385 1543 4451 abs-

337 4515 398 4582 que
419 4493 565 4560 Rectoris
590 4493 815 4581 permissione,
844 4495 879 4559 in
910 4515 982 4560 eum
1004 4493 1122 4562 Rector
1144 4496 1182 4560 de
1204 4493 1363 4560 sententie
1385 4490 1545 4558 Consilia·
