3504 5322
685 461 800 514 Statuta
821 460 895 513 1505.

668 691 723 756 De
745 691 922 757 lusibus.

282 828 364 894 Item
396 829 504 894 nullus
535 830 736 914 magister
766 830 812 893 de
841 829 1045 914 regencia
1073 829 1209 893 existens
1240 829 1275 893 in
1304 829 1401 894 bursa

196 956 267 998 cum
294 935 356 999 alio
378 935 427 998 vel
450 934 521 998 aliis
549 934 709 1020 magistris
742 926 846 1012 ludat,
882 933 941 997 sub
971 955 1053 1018 pena
1081 938 1199 1018 septem
1230 933 1400 998 solidorum

196 1039 226 1103 h.
252 1039 352 1104 tocius
387 1039 534 1123 quociens
567 1038 800 1104 soluendorum.
847 1037 929 1102 Item
960 1038 1077 1110 nullus,
1097 1039 1249 1125 magister
1278 1044 1309 1103 et
1333 1062 1400 1103 nra-

197 1143 281 1207 xime
311 1147 483 1208 conuentor
513 1164 583 1207 cum
616 1146 671 1206 aut
700 1163 806 1206 coram
838 1141 1009 1234 scolaribus
1039 1165 1096 1226 pro
1128 1164 1162 1208 re
1192 1145 1325 1208 minima
1348 1149 1406 1208 ant

197 1248 291 1312 zecha
321 1248 428 1312 ludere
460 1253 639 1332 presumat,
674 1248 733 1311 sub
763 1268 846 1331 pena
868 1246 962 1310 unius
983 1246 1089 1311 florini
1112 1254 1144 1312 et
1167 1249 1402 1314 confiscacionis

200 1353 403 1417 lucratorum.

286 1456 461 1522 Statuimus
492 1457 605 1534 etiam,
639 1462 676 1520 ut
707 1455 841 1540 quilibet
873 1456 1100 1542 magistrorum
1130 1459 1264 1523 scolares
1295 1461 1402 1524 ‹lanr-

200 1585 293 1626 num
328 1562 549 1626 communitati
586 1561 678 1626 burso
723 1566 778 1625 aut
811 1565 969 1626 structure
1001 1563 1112 1626 domus
1146 1563 1317 1627 inferentes
1349 1569 1404 1628 aut

202 1667 280 1730 alias
303 1667 506 1744 excedentes,
541 1689 605 1730 una
633 1687 705 1730 curn
739 1667 892 1750 qualitate
925 1667 1050 1744 damni,
1085 1668 1212 1732 Rectori
1235 1669 1328 1732 burse
1351 1669 1405 1732 de-

206 1774 351 1838 nunctiet
367 1774 434 1836 sine
450 1774 521 1838 dolo
536 1777 570 1838 et
584 1774 702 1849 fraude,
719 1774 777 1838 sub
794 1795 877 1858 pena
892 1772 986 1837 unius
1003 1773 1094 1837 solidi
1111 1775 1230 1837 tociens
1246 1775 1404 1857 quociens.

635 1961 690 2028 De
719 1965 972 2030 scolaribus.

273 2101 340 2158 Hier
357 2103 453 2171 folgen
465 2101 703 2171 Bestimmungcn,
722 2103 825 2158 welche
844 2103 915 2157 auch
933 2102 963 2156 in
982 2103 1027 2156 die
1041 2101 1194 2157 Statuta
1214 2100 1408 2156 facultatis

207 2191 369 2244 Aufnahme
389 2189 528 2258 gefunden
547 2189 641 2245 haben
660 2191 702 2245 als
721 2191 765 2246 die
774 2191 941 2246 Abschnitte
951 2193 994 2246 85.
1005 2193 1038 2246 90
1057 2191 1100 2244 bis
1116 2191 1171 2254 102,
1190 2190 1261 2244 oben
1280 2190 1306 2244 S.
1318 2191 1369 2245 370
1380 2189 1409 2244 fl'.

283 2295 396 2351 Sodann
426 2295 479 2349 soll
507 2295 552 2349 bei
580 2295 629 2350 der
658 2297 814 2367 Verlesung
843 2297 988 2367 folgender
1016 2296 1091 2351 'Iitel
1119 2296 1180 2351 hier
1208 2295 1410 2364 eingeschaltet

204 2385 332 2439 werden:

415 2560 469 2625 Dc
498 2561 836 2646 projicientibus
870 2567 990 2628 extra
1023 2563 1198 2628 bursam.

293 2701 446 2766 Prohibet
467 2700 677 2780 uniuersitas,
709 2704 938 2787 nequisquam
962 2704 1136 2768 borealium
1160 2698 1333 2764 autetiam
1357 2696 1412 2780 qui

208 2829 272 2870 non
295 2811 343 2872 est
366 2807 517 2883 bursaliS,
541 2807 594 2870 sed
618 2812 724 2872 mmen
749 2815 826 2874 tuno
848 2814 992 2894 receptus
1013 2811 1049 2874 in
1071 2808 1185 2884 bursa,
1209 2803 1412 2888 projiciat

209 2913 321 2994 quouis
342 2916 494 2996 tempore,
519 2910 568 2974 die
592 2916 647 2976 aut
670 2917 772 2990 nocte,
797 2913 907 2996 queuis
931 2913 1095 2990 offensiua,
1119 2931 1194 2976 vasa
1216 2906 1336 2984 fictilia,
1361 2907 1408 2969 la·

209 3018 314 3102 pides,
346 3017 450 3101 ligna,
481 3018 636 3094 stercora,
667 3016 803 3081 urinalia
824 3025 856 3080 et
878 3020 982 3082 cetera
1015 3017 1131 3081 similia
1159 3019 1248 3079 extra
1270 3013 1409 3088 bursam,

209 3144 264 3206 per
295 3120 448 3185 fenestras
477 3125 533 3182 aut
565 3119 642 3183 alias
670 3119 703 3183 in
734 3119 855 3203 plateas
883 3121 967 3184 vices
990 3125 1046 3186 aut
1069 3120 1189 3186 curiam
1211 3118 1321 3194 burso,
1355 3115 1413 3179 sub

209 3249 291 3310 pena
323 3225 512 3290 exclusionis
545 3229 695 3308 perpetue
723 3248 742 3288 a
771 3224 866 3289 bursa
895 3225 943 3288 vel
972 3226 1035 3289 alia
1069 3222 1209 3310 grauiori
1242 3220 1412 3286 secundum

211 3331 397 3415 qualitatem
430 3329 546 3394 delicti.
601 3328 668 3394 Aut
699 3330 726 3394 si
754 3329 837 3394 forte
869 3331 1035 3414 projiciens
1065 3351 1129 3394 non
1160 3331 1242 3391 esset
1269 3324 1416 3400 hursalis,

211 3435 308 3500 simili
331 3457 412 3519 pena
435 3434 535 3518 plecti
554 3434 677 3512 debent,
702 3434 735 3498 in
759 3457 894 3518 quorum
916 3434 1113 3500 habitatione
1136 3433 1191 3497 illa
1209 3431 1412 3514 contingunt,

213 3543 249 3620 si,
274 3542 348 3605 dum
371 3541 415 3605 eis
437 3540 624 3617 innotuerit,
650 3540 727 3603 illud
751 3539 874 3605 facinus
899 3540 941 3604 ibi
966 3561 1032 3605 esse
1055 3539 1267 3613 commissum,
1301 3533 1412 3599 autin

211 3646 274 3710 alia
305 3644 518 3722 habitatione,
555 3643 651 3709 talem
685 3643 802 3708 iactum
841 3643 908 3707 siue
939 3644 1103 3708 iacientem
1132 3648 1164 3708 et
1196 3641 1413 3726 projicientem

212 3773 275 3815 non
311 3749 568 3814 denuntiaverint
600 3749 728 3813 Rectori
761 3748 854 3812 burse
886 3749 970 3812 infra
1002 3750 1083 3813 diem
1118 3749 1306 3813 naturalem.
1352 3744 1414 3820 Qui

214 3855 329 3921 Rector
352 3856 446 3919 burae
469 3855 554 3919 facta
575 3855 635 3919 sibi
660 3854 901 3919 denuntiatione
924 3857 1060 3932 tenetur,
1084 3855 1143 3919 sub
1167 3852 1263 3918 officii
1286 3849 1335 3915 sui
1362 3850 1416 3914 de·

211 4085 308 4140 motos.
344 4083 415 4136 Item
433 4081 507 4150 quod
535 4081 717 4150 magistri
741 4084 821 4136 extra
849 4082 997 4137 bursarum
1015 4083 1197 4137 conuentores
1220 4078 1418 4140 emolumenta,

213 4188 267 4240 qne
286 4170 423 4224 haberent
439 4168 546 4223 intuitu
566 4169 786 4239 resumptionum
805 4187 823 4224 a
841 4169 1002 4234 scolaribus,
1020 4169 1107 4226 etiam
1126 4166 1259 4222 diuidant
1277 4183 1340 4221 cum
1358 4181 1417 4219 ma·

213 4258 310 4328 gistris
328 4257 425 4312 incolis
448 4256 609 4319 bursarum,
636 4256 755 4312 arbitrio
778 4255 1066 4326 superintendentium
1093 4272 1141 4310 sue
1159 4254 1211 4310 vie.
1255 4254 1327 4308 Item
1344 4251 1419 4321 quod

213 4342 458 4399 cathedralia
486 4344 515 4396 et
542 4341 719 4396 beanalia
743 4340 865 4396 debeant
890 4342 985 4397 cedere
1011 4343 1076 4398 solis
1101 4339 1422 4398 conuentoribns

213 4433 327 4487 'bursam
345 4429 580 4485 inhabitantibus.
616 4429 688 4484 Item
712 4447 805 4485 omnes
828 4429 1004 4500 magistri
1029 4429 1217 4485 officiales
1236 4447 1292 4486 non
1311 4425 1423 4483 uxorati

215 4520 249 4574 de
267 4523 358 4576 cetero
376 4519 496 4572 debeant
521 4533 633 4572 manere
657 4517 688 4572 in
706 4518 790 4572 bursa
816 4518 868 4572 sub
886 4533 959 4587 pena
976 4516 1143 4587 priuationis
1162 4517 1245 4572 oflicii
1264 4516 1314 4570 sui.

1154 4606 1212 4664 27*
