3442 5314
484 421 508 476 2.
536 421 725 492 Praepositnra
742 422 773 476 in
792 421 994 494 Sindelfingen.

747 674 781 746 2.

458 865 722 962 Praepositum
749 865 789 937 in
818 863 1075 960 Sindelfingen.

250 1054 382 1132 Quidam
412 1056 605 1122 Adilbertus
625 1055 734 1120 Comes
773 1055 912 1120 residens
944 1056 977 1118 in
1012 1059 1114 1119 castro
1147 1054 1364 1142 Sindelfingen

163 1159 311 1226 fundauit
350 1162 513 1228 eeclesiam
548 1165 688 1225 nostram
723 1159 939 1246 Sindelfingen
982 1181 1043 1224 vna
1077 1180 1148 1223 oum
1182 1181 1276 1225 uxore
1309 1185 1365 1226 sua

163 1264 296 1330 Wilelia.
333 1265 383 1332 Ab
414 1267 507 1331 initio
538 1268 622 1330 enim
643 1267 788 1329 fecerunt
810 1266 978 1330 monachos
1001 1264 1121 1328 ordinis
1147 1263 1177 1330 S.
1201 1264 1365 1332 Benedicti

163 1393 234 1435 cum
256 1372 445 1437 monialibus
469 1372 605 1435 eiusdem
628 1370 756 1448 ordinis,
781 1370 982 1454 postmodum
997 1363 1155 1433 translato
1178 1369 1233 1435 illo
1255 1372 1365 1437 ordine

164 1473 339 1562 Hirsawgie
367 1477 509 1541 fecemnt
540 1475 714 1540 Canonicos
745 1475 777 1538 in
809 1474 1026 1558 Sindelfingen
1051 1477 1241 1541 monasterio
1272 1482 1364 1542 etex

163 1585 263 1645 castro
287 1583 445 1646 destructo
464 1583 608 1646 fecerunt
623 1581 850 1644 monasterinm
873 1585 904 1644 et
919 1601 1016 1663 nsque
1039 1579 1077 1642 ad
1100 1584 1233 1644 mortem
1257 1603 1364 1646 eorum

162 1685 290 1750 fuerunt
312 1687 482 1751 residentes
506 1687 539 1750 in
562 1686 698 1770 quadam
720 1685 822 1762 domo,
847 1707 941 1769 qnam
957 1689 1140 1748 struxerant
1162 1685 1245 1768 apud
1268 1687 1363 1750 eoele-

163 1791 239 1854 siam
271 1791 300 1855 b.
325 1790 466 1855 Martini.
518 1791 561 1855 Et
593 1795 665 1875 post
696 1791 818 1856 obitum
840 1811 947 1854 eorum
983 1789 1148 1874 elegerunt
1169 1791 1362 1874 sepulturam

162 1893 347 1980 Hirsawgie.
399 1896 481 1960 Item
510 1901 633 1980 partem
668 1895 742 1959 ville
771 1895 863 1959 istius
891 1894 1093 1958 contulerunt
1118 1895 1155 1956 in
1177 1893 1365 1960 fundacione

162 1998 289 2063 ecclesie
311 1999 340 2063 b.
365 1999 504 2064 Martino
527 2005 558 2065 et
581 2023 649 2065 eam
679 2021 859 2064 consecrare
888 1999 1029 2063 iecerunt
1052 1997 1147 2062 Anno
1174 1997 1210 2061 D.
1236 1997 1361 2064 incarn.

164 2103 331 2168 millesimo
362 2105 552 2189 octogesimo
575 2106 688 2182 tercio,
720 2107 833 2188 quarto
867 2123 966 2166 nonas
989 2101 1069 2166 Julii
1099 2107 1131 2164 et
1153 2102 1294 2167 dedicata
1317 2108 1364 2168 est

162 2207 390 2272 venerabilibus
415 2209 600 2273 Godehardo
623 2209 793 2274 Jnnavensi
817 2208 911 2291 [sire]
935 2206 1157 2290 Salzburgensi
1181 2205 1362 2292 Archiepis-

161 2333 238 2394 copo
262 2316 294 2375 et
315 2311 520 2378 Adelberone‘
536 2313 759 2398 Herpipolensi
781 2313 858 2398 Epo.
891 2313 923 2375 in
947 2313 1067 2376 honore
1088 2310 1119 2375 S.
1145 2315 1177 2374 et
1198 2312 1361 2376 indiuidua

159 2415 315 2479 trinitatis
337 2417 367 2480 b.
392 2416 491 2481 Maria
512 2417 646 2503 virginis
670 2421 701 2482 et
723 2417 752 2481 S.
778 2417 909 2482 Martini
937 2417 996 2500 epi.
1022 2421 1053 2479 et
1076 2415 1274 2479 confessoris.

247 2535 329 2600 Item
352 2541 507 2603 residuam
538 2545 660 2625 partem
693 2541 783 2604 istius
814 2539 888 2603 ville
918 2539 1016 2602 sorori
1047 2557 1103 2601 sue
1124 2513 1187 2600 tlte
1223 2536 1361 2620 reliquit.

160 2657 241 2722 Item
259 2635 323 2724 tila
346 2661 486 2745 predicta
509 2663 655 2747 copulata
684 2662 747 2726 luit
768 2661 891 2725 cuidam
921 2660 1000 2736 duci,
1025 2682 1043 2724 a
1067 2681 1128 2743 quo
1152 2659 1263 2743 genuit
1286 2657 1362 2723 duas

160 2779 241 2844 filias
263 2804 357 2846 unam
373 2783 500 2847 nomine
519 2759 583 2848 lita
605 2789 636 2849 et
653 2784 786 2848 alteram
809 2784 936 2848 nomine
950 2782 1097 2866 degart.
1143 2757 1207 2844 lta
1218 2779 1364 2864 copulata

160 2885 222 2949 fuit
247 2885 416 2972 Welphoni
439 2888 510 2952 duci
533 2888 571 2952 de
593 2887 729 2974 Spoleto,
755 2908 810 2970 per
833 2907 927 2969 quam
950 2885 1063 2970 genuit
1085 2883 1187 2947 filium
1210 2883 1361 2968 Welpho-

159 3012 232 3054 nem
255 2992 410 3057 iuniorem
433 2994 488 3078 qui
512 2992 688 3078 Tiiwingen
711 2990 882 3055 exercitum
897 2989 1151 3062 habuit,scilicet
1168 2988 1206 3053 A.
1224 2987 1262 3052 D.
1288 2987 1361 3051 mil-

159 3095 269 3159 lesimo
303 3097 473 3160 centesimo
510 3098 703 3182 sexagesimo
739 3095 871 3179 quinto,
912 3102 1023 3159 octauo
1058 3094 1127 3158 idus
1160 3092 1361 3177 Septembris.

159 3197 330 3284 ildegardis
345 3201 486 3283 predicta
502 3224 558 3286 per
580 3201 763 3265 violentiam
778 3201 887 3263 iuncta
908 3197 971 3262 fnit
994 3199 1117 3262 cuidam
1139 3197 1236 3261 militi
1257 3201 1363 3261 trans·

157 3305 263 3390 alpino
286 3307 413 3370 nomine.
438 3305 538 3384 Verli,
572 3329 628 3390 per
651 3304 879 3390 quemgenuit
903 3301 1090 3387 Philippum
1112 3307 1221 3386 postea
1245 3323 1359 3387 prepo-

55 3431 61 3444 ·
158 3411 254 3475 situm
288 3411 415 3475 ecclesie
438 3416 543 3476 nostre
574 3413 608 3476 in
631 3411 866 3496 Sindelfingen,
899 3413 930 3472 et
959 3409 993 3470 in
1018 3407 1077 3472 hoc
1099 3405 1234 3492 Welpho
1257 3409 1362 3472 senior

159 3515 369 3601 degenerauit.
843 3507 846 3512 ⁴

249 3635 331 3700 nem
354 3637 479 3702 warena
501 3638 664 3703 sunaus
686 3636 780 3700 huius
802 3636 931 3702 aaran
953 3634 1086 3698 amurca
1110 3609 1171 3698 ta
1193 3634 1282 3717 nepe
1305 3655 1359 3697 sue

159 3741 191 3804 in
226 3743 331 3807 dotem
353 3743 545 3807 Schombttrc
578 3765 650 3808 cnm
684 3740 944 3806 ministerialibus
975 3744 1006 3803 et
1040 3737 1187 3802 omnibus
1221 3739 1359 3802 attinen-

161 3846 226 3923 tiis,
250 3845 334 3911 Cella
356 3853 513 3912 etaemus
533 3851 564 3912 et
579 3846 686 3910 onmia
708 3845 888 3924 attinentia,
912 3845 1022 3908 villam
1037 3841 1272 3927 Merclrelingen
1289 3863 1360 3905 cum

158 3951 220 4014 suis
251 3951 446 4028 attinentiis3
477 3953 554 4016 item
585 3949 772 4034 Grttningen
797 3972 868 4013 cum
891 3951 956 4013 suis
979 3947 1176 4025 attinentiis,
1208 3947 1357 4011 Kisilowe

157 4079 227 4120 cnm
259 4056 324 4121 suis
357 4056 559 4133 attinentiis,
596 4056 674 4120 item
709 4053 933 4119 Hedolfishane
963 4075 1035 4118 cum
1067 4053 1133 4116 suis
1168 4052 1357 4130 attinentiis

158 4160 420 4246 Mumgolfishane
443 4183 513 4225 oum
536 4162 600 4225 suis
624 4159 812 4236 attinentiis,
837 4160 913 4224 item
937 4157 1103 4224 Owishanc
1126 4179 1199 4221 cum
1221 4157 1287 4220 suis
1310 4161 1359 4220 at-

158 4264 320 4357 tinentiis,
351 4264 534 4329 Neckirowe
566 4287 638 4330 cnm
670 4264 735 4327 suis
758 4264 953 4340 attinentiis,
988 4265 1065 4327 item
1089 4261 1261 4326 Kannistat
1290 4282 1360 4324 cnm

158 4369 221 4433 suis
236 4369 424 4448 attinentiis,
449 4369 526 4433 item
543 4369 715 4455 Bliningen
727 4365 916 4454 Etertingen
939 4367 1107 4452 llloringen
1130 4389 1201 4431 cum
1215 4365 1362 4430 omnibus

157 4474 200 4539 eis
222 4473 387 4554 adiunctis,
412 4474 490 4542 item
513 4479 636 4560 partem
658 4474 751 4540 istius
774 4473 850 4539 ville
870 4473 1096 4560 Sindelfingen.
