3504 5322
344 437 409 502 440
892 427 998 486 Bursa.

346 590 618 659 domodarius
641 591 765 655 dicitur.
811 589 915 655 Huius
937 593 1005 654 esto
1029 589 1085 654 illo
1100 593 1242 676 tempore
1259 590 1417 676 praeoipua
1430 594 1462 654 et
1484 587 1550 652 sin-

342 698 497 784 gulariter
520 696 666 783 delegata
689 696 851 780 prouintia
873 694 1077 779 inspectionis
1102 696 1258 774 omnium,
1280 717 1350 778 quae
1372 695 1407 760 111
1430 695 1550 762 Contu-

341 803 453 868 bernio
476 801 545 865 fieri
570 802 709 866 moribus
733 805 828 885 atque
844 801 969 886 legibus
985 800 1128 866 debeant.
1176 799 1328 884 Inprimis
1344 823 1384 866 ne
1407 801 1551 884 quisvel

340 909 568 995 magistrorum
590 908 640 972 rel
663 908 891 992 discipulorum
914 906 1038 970 recedat
1062 906 1102 971 ab
1125 905 1228 970 offitio
1252 927 1318 970 suo.

429 1011 491 1077 Hic
513 1013 552 1076 ad
574 1033 682 1076 omnes
699 1013 841 1097 publicos
865 1015 1113 1090 conuentus,
1140 1011 1254 1096 quibus
1270 1011 1426 1076 studiosos
1450 1012 1548 1076 inter·

342 1141 408 1183 esse
431 1121 584 1203 oporteat,
610 1121 644 1182 vt
666 1122 741 1183 sunt
756 1116 1018 1202 disputationum,
1044 1117 1290 1202 inspectionum,
1315 1139 1387 1182 oum
1409 1117 1496 1202 leges
1519 1120 1552 1180 et

344 1225 465 1288 statuta
480 1222 654 1287 solenniter
669 1222 852 1300 recitantur,
876 1243 946 1286 cum
963 1221 1098 1286 honores
1113 1222 1235 1286 meritis
1254 1222 1455 1300 mandantur,
1479 1243 1551 1286 cum

346 1349 442 1393 sacrae
464 1327 629 1392 conciones
658 1327 810 1392 feriarum
832 1326 1027 1412 temporibus
1057 1325 1214 1391 habentur
1241 1365 1280 1374 -
1305 1326 1344 1391 ad
1367 1326 1425 1391 hos
1448 1326 1549 1410 igitur

345 1437 519 1498 conuentus
542 1431 816 1496 Hebdonrodarius
839 1431 931 1517 signo
953 1430 1041 1508 dato,
1067 1435 1101 1496 vt
1123 1432 1212 1510 solet,
1236 1432 1392 1496 studiosos
1417 1451 1549 1515 congre·

343 1537 444 1623 gabit,
468 1557 592 1619 unaque
613 1557 685 1602 cum
707 1537 752 1600 eis
776 1536 809 1600 in
831 1537 996 1620 publicum
1011 1537 1120 1601 ordine
1135 1558 1171 1601 ac
1187 1537 1298 1602 decoro
1322 1541 1447 1602 seruato
1473 1557 1548 1621 pro·

346 1641 515 1727 gredietur.
562 1639 692 1724 Quoque
715 1641 820 1705 minus
842 1641 983 1719 fallatur,
1008 1641 1149 1706 decerta
1171 1643 1310 1706 omnium
1336 1642 1549 1707 studiosorum

347 1746 477 1810 nomina
511 1744 671 1810 interdum
694 1746 919 1830 pronunciabo,
951 1751 986 1810 vt
1008 1747 1045 1811 de
1067 1746 1327 1833 responsionibus
1350 1746 1552 1832 intelligatur

342 1873 383 1915 an
407 1872 517 1915 omnes
548 1851 658 1938 assint.
705 1850 792 1916 Idem
821 1853 854 1915 et
875 1850 959 1914 inter
989 1851 1163 1916 docendum
1192 1874 1421 1937 nonnunquam
1443 1851 1548 1916 iaciat.

345 1955 378 2020 Si
402 1956 457 2039 qui
481 1960 587 2021 autem
609 1956 786 2034 abluerint,
817 1978 888 2021 cum
912 1957 1039 2040 quidem
1061 1957 1101 2022 ad
1124 1959 1268 2024 solennes
1291 1962 1390 2024 coetns
1412 1957 1550 2022 eundum

350 2064 450 2137 esset,
482 2062 521 2125 ab
551 2083 659 2126 eorum
688 2061 824 2147 siugulis
854 2062 1006 2127 mulctam
1037 2063 1156 2148 exigito
1191 2066 1269 2130 assis
1291 2064 1324 2129 id
1346 2067 1394 2128 est
1417 2063 1552 2128 cruciati

345 2188 447 2231 rmus.

434 2270 503 2336 Hae
524 2271 594 2358 lege
617 2277 649 2336 ct
672 2273 1003 2359 paedagogaroha
1024 2279 1157 2354 tenebor,
1182 2275 1236 2339 sed
1261 2275 1347 2340 illius
1369 2275 1458 2360 pueri
1481 2297 1550 2358 poe-

344 2398 417 2441 nam
442 2377 594 2442 absentiae
615 2400 679 2442 suae
703 2379 823 2444 dabunt
841 2380 913 2444 caesi
929 2380 1037 2466 virgis.
1084 2381 1245 2447 Γ1011111101
1261 2386 1292 2446 et
1314 2403 1422 2445 omnes
1446 2378 1549 2464 magi·

342 2483 410 2559 stri,
435 2482 489 2566 qui
506 2487 596 2548 extra
611 2483 859 2550 Contuberniunr
875 2486 1044 2570 discipulos
1059 2486 1178 2552 habent
1193 2486 1248 2564 ita,
1273 2489 1307 2550 vt
1322 2489 1378 2550 aut
1392 2485 1455 2571 ipsi
1478 2506 1550 2548 curn

342 2587 407 2651 suis
429 2588 512 2651 hanc
534 2589 805 2673 praescriptionem
827 2595 966 2669 seruent,
990 2596 1046 2656 aut
1070 2591 1295 2680 mittant'suos
1318 2590 1384 2655 illis
1406 2590 1440 2654 in
1464 2589 1548 2653 Con-

342 2692 524 2756 tubernium
548 2697 753 2778 temporibus,
776 2700 811 2759 11
833 2695 921 2760 omni
943 2696 1067 2762 ratione
1089 2696 1222 2762 studiosi
1236 2699 1392 2782 cogantur
1415 2695 1454 2759 ad
1477 2693 1551 2758 illos

345 2816 410 2859 non
433 2797 537 2861 solnm
562 2798 655 2863 vtiles
678 2799 731 2864 sed
754 2801 850 2865 etiam
874 2801 1064 2866 necessarios
1086 2804 1271 2867 conuentus.

902 3001 993 3068 XIII.

435 3161 469 3226 Si
492 3164 564 3246 quis
589 3164 626 3227 de
642 3161 782 3249 Collegio
800 3164 1028 3251 Magistrorum
1050 3190 1214 3234 vxorem
1236 3168 1393 3246 habuerit,
1418 3190 1489 3233 cunr
1512 3167 1552 3230 ad

342 3266 642 3332 assiduitatem
666 3272 698 3333 et
713 3291 821 3333 curam
838 3271 974 3336 obeundi
992 3273 1132 3338 muneris
1148 3275 1198 3338 sui
1214 3273 1423 3358 praestandam
1440 3273 1553 3338 astric-

346 3375 397 3435 tus
421 3373 473 3451 sit,
498 3374 643 3456 quamuis
673 3376 713 3440 ad
735 3373 943 3450 Contubernii
966 3377 1199 3443 habitationem
1229 3401 1295 3444 11011
1321 3379 1409 3465 adigi
1424 3377 1552 3455 ¹debeat,

344 3480 451 3540 tamen
476 3476 597 3542 labores
630 3501 811 3546 communes
844 3485 939 3566 atque
968 3483 1063 3548 etiam
1093 3485 1271 3570 singulares
1293 3486 1464 3550 detrectare
1487 3504 1554 3548 non

345 3585 483 3665 oportet,
509 3582 655 3666 inprimis
679 3584 714 3648 in
730 3585 935 3652 hebdomadis
950 3611 1014 3654 suae
1031 3591 1201 3670 curatione,
1226 3613 1288 3676 qua
1304 3591 1399 3654 etiam
1416 3588 1550 3653 1110011-

346 3687 493 3752 tubernio
526 3687 579 3751 diu
603 3693 761 3773 noctuque
784 3693 908 3770 adesse,
940 3716 1003 3759 nou
1028 3695 1120 3759 aliter
1151 3695 1236 3760 acsi
1259 3693 1363 3759 incola
1386 3693 1472 3757 illius
1495 3694 1548 3771 sit,

344 3793 400 3855 aut
424 3792 558 3856 alterum
593 3815 631 3856 err
662 3793 842 3878 magistris,
874 3797 929 3880 qui
960 3797 1019 3862 hoc
1042 3799 1238 3863 assiduitatis
1261 3821 1378 3863 munus
1402 3819 1458 3862 suo
1482 3797 1552 3861 1000

348 3895 450 3974 obeat,
474 3898 667 3963 substituere
690 3899 823 3964 debebit.

897 4101 1004 4168 XIIII.

429 4263 604 4330 Mulctas
635 4269 759 4332 exactas
789 4288 829 4331 ne
859 4266 1006 4353 magistri
1042 4267 1169 4353 collegii
1199 4267 1283 4332 inter
1311 4287 1344 4331 se
1367 4265 1552 4351 partiuntur

342 4390 444 4451 neque
464 4370 617 4453 priuatim
640 4374 832 4454 vsurpanto,
863 4372 916 4436 sed
938 4372 1002 4436 illae
1033 4373 1073 4437 ad
1095 4371 1302 4437 contubernii
1335 4372 1492 4456 impensas
1516 4394 1555 4437 ac

344 4495 418 4538 rsus
440 4475 587 4559 repositae
610 4478 714 4540 sunto.
