3504 5322
783 470 913 525 Facultas
933 470 1055 526 Artium.

594 702 651 768 De
673 702 957 768 Consiliariis
980 701 1140 768 Decani
1164 701 1237 786 Cap.
1262 701 1301 766 V.

436 841 589 908 Adiuncti
605 840 733 906 Dccano
756 841 838 906 duo
861 841 947 906 illius
971 839 1233 906 Consiliarii
1257 847 1359 918 erunt,
1382 864 1453 906 cum
1476 842 1547 926 qui·

351 946 408 1010 bus
430 947 662 1012 communicata
684 969 798 1024 causa,
831 949 857 1010 si
882 947 1008 1031 quando
1045 969 1094 1012 res
1116 969 1242 1031 poscere
1265 946 1424 1011 uidebitur
1445 945 1549 1010 oonsi-

348 1051 427 1116 lium
457 1051 702 1118 Communitatis
733 1053 825 1118 huius
857 1053 955 1118 studii
984 1053 1169 1118 conuocabit
1199 1053 1458 1118 interminatione
1491 1052 1546 1115 ad·

348 1156 423 1220 ditm
445 1156 581 1236 mulcta,
607 1180 676 1242 quae
701 1159 849 1244 exigatur
872 1181 976 1224 anon
1000 1159 1235 1246 apparentibus.
1281 1157 1325 1223 Hi
1340 1158 1546 1243 designantor

347 1259 393 1324 ita
415 1264 451 1325 ut
474 1283 570 1341 snus,
601 1264 627 1327 si
650 1264 719 1328 fieri
741 1263 858 1348 possit,
884 1264 921 1328 de
944 1265 1064 1329 duobus
1087 1265 1129 1328 sit
1152 1264 1266 1348 prioris
1290 1264 1366 1327 anni
1391 1263 1544 1340 oceanus,

346 1367 425 1432 alter
455 1389 492 1432 ex
516 1367 679 1454 Magistris
702 1371 946 1436 Communitatis
969 1370 1067 1436 studii
1090 1369 1201 1446 huius,
1236 1369 1393 1452 grauioris
1416 1368 1491 1432 uitae
1514 1371 1546 1431 et

348 1473 461 1538 aetatis.
507 1472 559 1538 Ab
590 1475 630 1540 iis
652 1476 869 1542 iusiurandum
899 1476 1026 1542 dabitur
1049 1476 1082 1540 in
1105 1474 1244 1540 Consilio
1275 1474 1371 1539 studii
1395 1473 1488 1538 huius
1512 1473 1544 1537 in

344 1579 426 1644 banc
449 1581 656 1645 sententiam:

431 1683 522 1750 Velle
560 1685 594 1749 in
625 1685 903 1750 deliberationibus
936 1685 1095 1750 suadendo
1125 1685 1329 1750 dissuadendo
1353 1685 1544 1750 consulendo

345 1792 512 1857 statuendo
543 1791 635 1855 fidem
667 1791 834 1856 ueritatem
856 1790 1036 1875 reipublicae
1058 1793 1234 1875 respectum
1257 1789 1363 1873 sequi,
1394 1789 1543 1855 Decreto·

343 1918 414 1961 rum
436 1896 562 1961 chartas
586 1918 650 1960 una
665 1917 736 1960 cum
752 1895 878 1960 Decano
893 1896 1070 1982 obsignare,
1097 1895 1219 1960 Decano
1236 1897 1405 1962 accersenti
1427 1899 1543 1979 praesto

345 2023 419 2066 esse.
465 2001 534 2068 Hoc
555 2001 658 2067 facere
680 2002 836 2068 recusanti
859 2002 978 2067 mulcta
1000 2001 1172 2085 imponitor
1193 2000 1303 2065 floreni
1328 2001 1431 2066 unius.

364 2200 418 2266 De
440 2201 640 2268 Consilio
665 2199 1004 2266 Communitatis
1027 2202 1160 2267 studii
1182 2203 1341 2268 artium
1364 2201 1437 2286 Cap.
1464 2201 1515 2267 VI.

429 2367 603 2433 Consilium
627 2366 871 2433 Communitatis
902 2368 936 2432 hi
967 2369 1148 2434 absoluent:
1193 2367 1355 2446 Deouana,
1391 2367 1533 2453 Magistri

344 2474 579 2539 contubernalis
603 2473 736 2561 Collegii
768 2479 800 2539 et
823 2473 971 2561 Magistri
991 2473 1183 2560 Paedagogii.
1229 2474 1272 2538 Hi
1296 2475 1417 2538 dabunt
1441 2473 1535 2537 iusiu-

344 2579 479 2644 randum
502 2579 535 2643 in
559 2577 640 2644 hanc
665 2581 798 2665 quisque
819 2581 1026 2646 sententiam:

426 2683 516 2748 Velle
538 2685 572 2748 in
597 2685 797 2751 deliberando
819 2686 1009 2751 consulendo
1033 2685 1224 2750 decernendo
1240 2685 1441 2769 suffragando
1464 2707 1536 2749 sen-

341 2789 456 2854 tentiis
478 2789 615 2854 t'erendis
638 2792 788 2876 pietatem
810 2793 904 2856 fidem
926 2792 1141 2878 integritatem
1172 2797 1345 2873 respectum
1368 2789 1536 2874 dignitatis

339 2899 371 2959 et
399 2895 655 2990 commoditatum
686 2896 779 2961 huius
802 2897 900 2961 studii
922 2897 1026 2980 sequi,
1058 2898 1207 2982 praestare
1239 2897 1400 2960 silentium
1428 2894 1533 2960 celau-

339 2999 460 3080 dorum,
484 3002 618 3066 reuereri
634 3000 795 3067 Decanum
817 3007 849 3068 et
871 3007 963 3067 aetate.
986 3025 1022 3068 ac
1043 3003 1199 3087 dignitate
1214 3001 1448 3084 praestantiores
1467 2999 1536 3063 Ma·

338 3105 466 3189 gistros‚
489 3110 636 3171 uocatum
659 3130 691 3172 se
714 3109 748 3172 in
764 3109 894 3174 consilio
909 3110 1015 3173 adesse
1030 3111 1085 3172 aut
1100 3107 1249 3171 mulctam
1266 3107 1383 3171 dictam
1399 3106 1529 3169 soluere.

424 3209 463 3274 In
497 3213 627 3278 consilio
660 3215 703 3292 is,
734 3216 772 3280 de
801 3217 889 3280 cuius
920 3237 1012 3280 causa
1035 3236 1070 3278 ac
1091 3235 1125 3278 rc
1149 3212 1393 3290 deliberabitur,
1426 3211 1534 3274 abesto

338 3315 421 3380 inter
445 3317 690 3383 deliberandum.
730 3321 763 3386 si
785 3322 856 3404 quis
878 3321 1045 3385 accersitus
1069 3319 1108 3382 ad
1123 3317 1290 3381 consilium
1312 3338 1375 3380 non
1400 3316 1533 3392 uenerit,

339 3420 405 3484 eius
428 3421 572 3487 absentia
594 3423 804 3488 decisionibus
827 3447 863 3489 ac
885 3423 1017 3489 decretis
1041 3445 1240 3507 nequaquam
1264 3421 1392 3486 officito.

419 3621 474 3687 De
497 3623 696 3689 doctrina
719 3625 851 3690 studii
872 3627 1072 3690 bonarum
1095 3624 1253 3689 artium
1278 3622 1351 3706 Cap.
1379 3620 1449 3685 Vll.

421 3791 575 3858 Doctrina
596 3793 751 3858 bonarum
776 3792 891 3856 artium
914 3796 1007 3858 eercae
1029 3791 1160 3856 rationis
1182 3813 1218 3854 ac
1242 3792 1327 3854 modi
1352 3789 1536 3876 praescripta

335 3897 493 3980 quondam
526 3897 590 3961 fuit
624 3897 758 3962 honores
788 3899 824 3961 ut
846 3896 884 3960 fit
915 3895 1072 3982 gradatim
1103 3895 1292 3981 petentibus.
1350 3893 1385 3958 Id
1410 3893 1536 3977 quidem

334 4007 418 4066 recte
439 4003 573 4080 lactum,
605 4003 659 4066 sed
682 4001 765 4065 ratio
788 4005 878 4064 uetus
901 4022 937 4064 ac
970 4000 1080 4064 modus
1103 4000 1312 4064 intolerabilis
1337 4000 1386 4063 his
1411 4003 1534 4082 tempo-

333 4107 421 4172 ribus
443 4106 576 4171 uidetur.
623 4106 779 4172 Doctrina
801 4107 899 4192 igitur
925 4107 1078 4170 bonarum
1102 4106 1218 4170 artium
1242 4107 1280 4169 ad
1304 4105 1403 4171 talem
1428 4109 1464 4168 ut
1486 4125 1533 4167 se-

332 4213 442 4297 quitur
464 4213 735 4296 prascriptioncm
759 4211 968 4276 tractabitur:

419 4317 507 4383 Hora
530 4321 604 4383 ante
627 4318 790 4382 meridiem
814 4316 862 4381 VI
884 4318 1049 4382 tradentur
1071 4320 1229 4400 praecepta
1250 4307 1511 4380 Dialectidae.

418 4421 506 4488 Hora
527 4422 591 4488 VII
616 4423 871 4490 Rhetoricae.

417 4527 493 4594 Haec
515 4529 763 4613 frequentabunt
786 4528 955 4606 candidati,
981 4529 1036 4612 qui
1061 4529 1337 4594 Baccalaureatum
1360 4531 1477 4612 petent.
