3320 5308
355 461 419 528 618
912 459 997 517 1520.

798 620 837 685 In
860 641 969 686 mense
991 620 1099 704 Meijo.

380 730 406 790 1.
430 725 542 790 Petrus
565 726 656 790 Riser
679 726 717 790 de
739 725 927 812 Loubingen
950 726 1025 791 real.
1051 726 1098 790 nil
1122 726 1261 790 dedite.

377 835 406 894 2.
430 830 591 896 Mattheus
615 831 724 897 Heller
747 832 784 896 de
807 832 997 916 Griiningen
1025 835 1053 895 5.

377 943 406 1002 8.
431 936 592 1002 Conredus
613 937 766 1002 Starizler
788 937 826 1002 de
849 936 939 1002 Horb
964 941 993 1000 7.

375 1046 405 1105 4.
429 1041 567 1106 Joonnes
591 1041 697 1106 Gudin
721 1042 759 1106 de
782 1040 940 1107 Marohtel
963 1041 1029 1105 ord.
1055 1061 1153 1124 prem.
1180 1046 1208 1104 9.

251 1231 253 1234 ¹
377 1151 406 1210 5.
431 1145 584 1210 Melchior
607 1146 698 1230 Msyr
722 1148 760 1212 de
784 1147 940 1212 Merehtul
963 1147 1029 1212 ord.
1054 1146 1196 1210 eiusdem
1224 1152 1252 1211 9.

378 1255 407 1315 6.
431 1249 652 1336 sigismundus
677 1252 819 1317 Welfflin
844 1251 882 1315 de
905 1249 1096 1335 Rotenburg
1120 1255 1148 1314 9.

378 1361 406 1419 7.
430 1354 590 1420 Erhordus
612 1355 730 1422 Sliokel
754 1358 792 1422 de
814 1355 1007 1441 Stugkardie
1036 1359 1086 1418 21.

378 1464 408 1524 8.
431 1459 556 1525 Μ111111
579 1461 686 1525 Miller
708 1461 745 1524 de
768 1460 956 1545 Rotenburg
979 1460 1117 1524 famulus
1141 1466 1191 1526 21.
1220 1467 1284 1525 11.

381 1569 409 1628 9.
433 1565 637 1630 Hieronimus
658 1565 810 1630 Kuehorn
834 1564 886 1649 (de
907 1563 1107 1649 Slubgerdia)
1136 1569 1186 1628 21.

361 1677 410 1736 10.
434 1670 602 1757 Philippus
626 1672 719 1756 Meyr
741 1674 780 1738 111
803 1671 1019 1758 Sindelfingen
1043 1671 1180 1736 lamulus
1205 1674 1256 1734 22.
1282 1670 1298 1734 1
1323 1691 1346 1732 s.

363 1781 409 1839 11.
433 1775 572 1841 Joannes
595 1776 687 1861 Muyr
709 1777 748 1841 de
775 1776 899 1861 1101ny
921 1775 1060 1840 famulus
1086 1781 1134 1841 16.
1163 1783 1176 1841 1
1202 1797 1226 1840 s.

363 1884 411 1943 12.
435 1879 547 1944 Frater
568 1880 704 1946 Jsoobus
726 1881 843 1946 Boleuk
864 1881 902 1944 de
925 1880 1038 1965 Wyler
1067 1881 1115 1945 nil
1145 1881 1231 1946 dedii
1258 1901 1315 1964 pro
1343 1878 1576 1944 intitulatur&

362 1990 411 2048 13.
435 1983 598 2068 Crispinus
621 1984 768 2070 Spindler
790 1986 828 2050 de
850 1985 1042 2070 Geppingen
1065 1985 1204 2050 famulus
1228 1989 1279 2049 23.
1307 1990 1320 2048 l
1347 2006 1372 2050 s.

362 2095 410 2153 14.
436 2088 574 2155 Jounnes
599 2091 737 2177 Gayling
761 2090 940 2156 llfeldensis
963 2091 1042 2156 feria
1066 2095 1084 2154 2
1108 2089 1217 2174 penlh.

361 2200 409 2259 15.
434 2193 588 2260 Melchior
609 2194 704 2282 Jeger
727 2197 765 2261 de
788 2195 933 2281 Lenberg
958 2195 1037 2261 feria
1060 2200 1079 2259 3
1103 2196 1211 2279 penth.

911 2300 1009 2366 Junii.

369 2409 415 2471 16.
439 2406 551 2472 Petrus
574 2405 661 2470 Mule
685 2407 817 2491 (Melia)
840 2408 878 2471 de
900 2405 1086 2490 Slutgerdio
1110 2411 1138 2470 2.

366 2515 414 2574 17.
438 2510 596 2597 Wigileus
619 2510 777 2597 Sehilling
801 2513 838 2576 de
861 2510 1074 2596 Regenspurg
1095 2517 1125 2575 4.

362 2618 411 2678 18.
435 2613 574 2681 Joennes
598 2616 717 2682 Farner
739 2618 776 2681 de
799 2616 968 2682 Dornsletl
990 2615 1128 2680 famulus
1152 2613 1180 2680 5.
1213 2622 1226 2680 1
1252 2638 1277 2680 s.

362 2725 411 2783 19.
435 2719 576 2785 Adamus
599 2720 706 2788 Knuss
729 2723 765 2787 de
788 2721 974 2807 Siutgardie
996 2725 1028 2784 6.
1056 2727 1070 2784 1
1101 2743 1124 2784 s.

360 2828 411 2888 20.
435 2823 576 2890 Joannes
598 2825 749 2891 Sellarius
775 2828 812 2892 de
836 2825 969 2892 Constet
990 2831 1020 2890 8.
1046 2830 1064 2890 6
1091 2849 1115 2890 s.

361 2933 411 2992 21.
435 2928 609 3014 Diopoldus
631 2930 723 3014 Spell
746 2932 784 2996 de
806 2931 1009 3016 Sohilssburg
1034 2937 1083 2994 11.

361 3037 411 3096 22.
437 3033 590 3119 Georgius
614 3033 700 3100 Wirt
723 3036 760 3100 de
784 3035 973 3120 Rotenburg
1005 3040 1054 3100 13.

362 3142 412 3202 23.
436 3137 576 3204 Joennes
600 3141 766 3224 Marquart
789 3142 826 3205 de
849 3140 969 3204 Altorff
996 3146 1043 3204 15.

361 3248 412 3307 24.
436 3244 596 3309 Corradus
619 3245 737 3310 Binder
761 3247 798 3310 de
821 3245 966 3311 Gemriee
993 3248 1041 3309 16.

361 3353 411 3412 25.
436 3347 603 3433 Philippus
627 3349 737 3416 Zwifel
760 3352 797 3416 de
819 3350 989 3435 Tubingen
1019 3355 1067 3414 18.

362 3458 413 3517 26.
439 3452 560 3538 Gespur
581 3454 770 3541 Wirtzburg
792 3460 843 3521 20.

363 3562 413 3622 2‘1.
438 3557 592 3644 Georgius
613 3559 752 3624 Stertzer
774 3560 811 3624 de
833 3559 1102 3644 Hollzgerlingen
1126 3563 1176 3622 20.

365 3667 416 3728 28.
441 3663 594 3749 Georgius
618 3665 745 3729 Palmer
768 3665 805 3728 de
828 3663 1019 3750 Robenburg
1043 3668 1094 3728 25.

364 3757 415 3833 29.
440 3767 550 3834 Gallus
575 3768 752 3834 Nolhelffer
775 3771 813 3834 de
836 3770 973 3834 Bibraoh
1002 3773 1052 3834 26.

912 3873 1001 3938 Julii.

362 3983 414 4043 30.
440 3977 595 4044 Melchior
619 3979 776 4044 Warbeok
800 3980 838 4044 de
861 3979 1040 4044 Gamundia
1068 3984 1094 4042 1.

360 4089 411 4149 31.
436 4081 614 4149 Alexander
638 4084 768 4150 Sohuele
793 4086 830 4148 de
855 4083 1087 4168 Elmendingen
1117 4089 1147 4146 4.

363 4262 571 4272 —n-———-

432 4350 456 4404 2.
479 4347 593 4418 Keplun
621 4366 660 4403 un
687 4347 726 4402 St.
753 4347 914 4412 Leonherd,
939 4344 1300 4401 00111111111111--111,
1325 4344 1357 4397 A.
1386 4345 1466 4397 1524.
1490 4377 1528 4386 —
1554 4349 1598 4401 14.

364 4437 470 4507 primus
488 4453 530 4492 ev.
549 4437 580 4492 in
599 4435 709 4491 Duoetu
728 4435 812 4490 Wirt.
838 4439 943 4505 pastor.
965 4433 1137 4503 Fisehlin1‚
1161 4436 1183 4486 l.
1204 4463 1235 4472 -
1256 4433 1297 4486 15.
1322 4430 1402 4502 Vogt
1426 4431 1460 4486 in
1483 4431 1598 4499 Uredr,

366 4523 495 4582 Neuffen.
518 4555 550 4564 -
571 4524 611 4580 16.
632 4523 722 4580 141.
743 4523 819 4580 1521.
