3442 5314
463 445 489 500 4.
517 445 675 518 Papetliehe
694 449 775 505 Belle
794 467 858 508 rem
879 453 918 508 13.
937 449 1007 510 Νον.
1028 455 1103 510 1476.
1341 461 1380 525 11

184 607 336 688 perpetuo
363 605 543 672 liberamus.
596 607 635 672 In
662 629 795 692 quorem
826 611 920 675 fidem
949 617 1117 696 praesentes
1140 615 1248 680 literas
1276 615 1382 702 sigillo

183 709 285 773 nostri
317 709 607 778 Vicethesauriatus
640 711 744 778 Officii
778 737 917 800 appenso
950 717 1088 782 munitas
1122 719 1190 783 fieri
1223 719 1380 786 iussimus.

93 811 97 820 '
181 809 300 878 Datum
340 813 449 881 Rornae
494 817 525 881 in
572 816 702 882 Camere
744 821 916 904 apostolica
963 843 1047 885 anno
1084 823 1180 886 nativ.
1228 824 1382 891 dominice

182 915 404 985 Mecoonxx
436 927 525 987 sexto
547 922 611 988 ind.
633 921 733 990 VIIII
755 925 804 989 die
812 975 892 990 .....
920 925 1038 992 Mensis
1062 926 1244 992 Decembris
1265 929 1379 1014 pontif.

181 1021 212 1087 S.
241 1024 275 1086 in
299 1022 381 1090 Chre
409 1028 509 1112 patris
535 1031 567 1092 ct
598 1028 679 1094 dom.
704 1029 806 1094 nostri
836 1029 917 1094 dom.
941 1029 1021 1096 Sixti
1052 1032 1161 1096 diuina
1183 1033 1382 1116 prouidentia

181 1149 271 1212 papae
294 1129 408 1212 quarti.
1091 1159 1174 1203 anno
1195 1143 1292 1204 sexto.

268 1255 325 1319 pro
347 1234 452 1299 valore
474 1242 603 1303 eentum
627 1240 862 1326 quinquaginta
885 1241 952 1306 flor.
976 1241 1178 1308 Renensium.

310 1337 346 1402 P.
370 1339 407 1402 de
429 1337 558 1406 Aranda
579 1341 610 1408 S.
636 1344 664 1409 d.
690 1367 720 1409 n.
745 1367 844 1430 papae

327 1443 473 1510 vicethes.
498 1469 594 1512 manu
617 1450 753 1533 propria.

254 1632 335 1688 Univ.
350 1633 453 1690 Archiv
467 1635 523 1690 Mh.
534 1637 554 1701 I,
567 1639 592 1692 2.
620 1637 700 1708 Perg.
721 1640 775 1694 mit
792 1641 884 1711 Siegel
903 1641 933 1696 in
943 1643 1132 1714 Bleohkapecl.
1160 1644 1219 1698 Ans
1233 1644 1382 1700 dcrItirok·

184 1719 266 1776 reite:
284 1721 317 1776 H.
337 1721 454 1776 Brunus.
474 1753 504 1764 -
526 1724 688 1792 Quittancia
707 1745 789 1800 super
807 1729 943 1786 erectione
960 1729 1055 1786 studii.

758 2013 792 2085 4.

179 2199 392 2296 Papstlichc
414 2201 521 2278 Bulla
549 2203 750 2277 betreffend
780 2203 837 2278 die
858 2205 1084 2300 Errichtung
1110 2205 1212 2280 einer
1228 2207 1381 2280 Univer-

228 2323 320 2396 sitst
344 2325 382 2396 in
402 2325 594 2422 Tabingen
618 2328 689 2400 mit
712 2327 794 2400 dem
819 2327 1321 2418 Publikationsinstrument,

666 2479 707 2534 13.
727 2477 885 2534 November
906 2481 982 2536 1476.

582 2540 645 2578 vom
673 2570 712 2622 11.
732 2567 809 2622 nse
830 2569 906 2623 1477.

263 2729 301 2792 Ira
327 2753 449 2794 renisa
476 2751 590 2792 nomm
618 2751 716 2790 anns.
763 2725 941 2792 Hammone
963 2728 1171 2812 permissione
1187 2729 1295 2793 diuina
1313 2728 1378 2794 Ab·
1423 2731 1428 2740 ’

175 2834 230 2898 bas
253 2833 437 2898 Monastcrii
461 2833 494 2896 in
517 2831 705 2909 Blaburren‚
730 2831 859 2896 Ordinis
881 2829 911 2897 S.
938 2831 1102 2897 Benedicti
1126 2833 1378 2898 Constenciensis

175 2937 322 3016 dionesie,
359 2935 518 3001 Exeeutor
549 2940 582 2999 et
604 2935 843 3000 Commissarius
872 2936 911 3000 ad
941 2936 1026 3000 infra
1056 2938 1174 3021 scripta
1207 2936 1276 3002 aS.
1301 2935 1378 3002 Sede

175 3027 358 3128 Apostolica
389 3063 452 3106 vna
483 3063 556 3106 cum
593 3041 687 3106 certis
715 3041 832 3105 nostris
863 3041 897 3105 in
910 3039 980 3104 *hac
1002 3045 1093 3126 parte
1116 3037 1267 3126 collegis:
1299 3040 1377 3106 (inm

174 3147 328 3212 clausula:
351 3145 506 3222 Quetinus
528 3167 583 3210 vos
606 3146 657 3210 ael
680 3146 740 3210 duo
763 3150 819 3210 aut
840 3167 920 3210 vnus
943 3151 1100 3212 vestram:
1134 3147 1168 3210 in
1190 3146 1377 3212 subinsertis

173 3255 275 3318 literis
309 3253 489 3337 apostolicis
527 3253 671 3336 apposita
704 3253 884 3337 specialiter
917 3251 1093 3335 deputatus.
1150 3249 1314 3315 Vniuersis
1346 3254 1378 3315 et

172 3359 306 3444 singulis
340 3360 396 3422 has
427 3358 534 3422 literas
568 3357 682 3421 visuris
714 3357 843 3421 lecturis
867 3359 898 3420 et
921 3355 1093 3432 audituri&
1124 3355 1322 3439 presentibus
1345 3359 1377 3419 et

173 3463 306 3547 posteris
338 3484 374 3526 ac
407 3463 574 3546 presertim
604 3461 653 3525 illi
674 3462 724 3525 uel
748 3461 812 3525 illie
843 3481 977 3545 quornm
1000 3460 1132 3524 interest
1153 3457 1300 3524 intererit
1322 3462 1377 3523 aet

171 3565 322 3630 interesse
354 3567 472 3650 poterit
494 3572 524 3631 et
549 3588 626 3650 quos
649 3587 742 3630 nosse
763 3565 861 3630 faerit
883 3569 1090 3648 oportunum:
1120 3562 1374 3648 subscriptorum

171 3669 320 3736 noticiam
343 3671 570 3736 indubitatam:
598 3693 669 3735 cum
692 3672 794 3737 salute
816 3672 850 3734 in
874 3669 1012 3735 Domino
1034 3670 1236 3754 sempiterno.

258 3773 381 3840 Literas
396 3773 592 3840 Sanctissimi
616 3777 648 3839 in
667 3775 793 3841 Christo
816 3775 917 3860 patris
940 3779 972 3840 et
987 3774 1108 3840 domini
1131 3775 1231 3838 nostri
1255 3774 1375 3839 domini

171 3879 251 3943 Sixti
275 3879 383 3944 diuina
405 3880 605 3963 prouidentia
628 3880 713 3964 Pape
736 3881 869 3956 Quarti:
906 3880 983 3944 Eius
1013 3901 1087 3945 vera
1111 3879 1205 3944 Bulla
1226 3879 1375 3962 plumbea

170 3986 204 4048 in
237 3985 300 4048 filis
335 3984 453 4069 Canapi
486 4007 572 4050 more
597 3985 743 4050 Romane
777 3985 870 4050 Curis
901 3985 1102 4070 impendente
1126 3984 1280 4062 bullatas,
1309 4005 1373 4049 non

170 4089 296 4152 abrasas
319 4089 507 4154 cancellatae
530 4090 582 4154 uel
604 4091 738 4158 abolitas
762 4092 870 4155 necin
893 4091 1000 4175 aliqua
1021 4112 1079 4154 sua
1102 4094 1192 4175 parte
1213 4094 1374 4174 suspectas

169 4193 222 4258 sed
246 4215 338 4258 sanas
361 4193 502 4278 integrae
525 4200 556 4258 et
579 4195 694 4272 illesas,
718 4197 868 4279 omnique
890 4215 1018 4280 prorsus
1044 4195 1122 4259 vitio
1144 4197 1176 4258 et
1196 4196 1374 4280 suspicione

169 4301 328 4376 carentes,
360 4297 461 4362 Nobis
483 4321 541 4384 pro
573 4300 828 4384 partedllustrie
859 4305 892 4365 et
923 4299 1074 4366 Generosi
1105 4300 1224 4364 domini
1255 4301 1374 4366 domini

170 4401 347 4468 Eberhardi
369 4387 501 4468 domitis
525 4404 558 4468 in
582 4405 798 4490 Wirtemberg
821 4409 854 4470 et
881 4406 916 4469 in
939 4404 1212 4490 Montcpeligardo
1234 4403 1373 4470 Senioris

168 4510 206 4574 in
228 4508 308 4593 ipsis
329 4508 430 4574 literis
452 4509 671 4597 principaliter
693 4511 868 4593 nominati,
899 4512 977 4578 alias
1009 4511 1130 4596 pridem
1161 4513 1371 4594 presentata:
