3460 5314
336 511 399 573 292
789 501 920 557 Facultes
939 501 1071 554 luridica.

421 753 476 818 De
499 752 736 819 Candidato
767 750 816 815 ad
839 749 1170 831 consequendam
1192 748 1445 814 Licentiam.

420 892 522 958 Nemo
545 893 697 957 iudicium
720 891 884 956 Examinis
907 911 965 975 pro
986 889 1087 974 gradu
1103 888 1329 954 Licentiae
1351 889 1448 966 obito,
1472 887 1537 951 nisi

334 999 485 1083 legitime,
507 998 559 1063 uel
583 999 610 1062 si
633 998 764 1062 consilio
789 998 893 1061 uisum
915 996 973 1074 sit,
1003 996 1101 1060 etiam
1123 995 1299 1061 iuramento
1323 1017 1388 1073 suo,
1415 993 1534 1059 Docto·

335 1127 404 1168 rum
427 1104 593 1184 lectiones,
629 1126 706 1187 quas
735 1105 841 1168 audire
864 1103 1043 1188 legitimum
1073 1103 1132 1181 sit,
1165 1105 1232 1166 toto
1254 1101 1472 1185 quinquennio
1496 1099 1531 1162 in

336 1209 487 1274 alterutro
509 1209 601 1288 Jure,
637 1211 724 1274 ouius
747 1209 875 1273 nomine
897 1208 1038 1292 insignia
1059 1207 1158 1291 petit,
1189 1210 1220 1270 et
1250 1205 1306 1269 ubi
1328 1203 1535 1289 priuilegium

337 1315 469 1393 scholae,
493 1317 617 1400 copiam
639 1321 671 1380 et
692 1316 875 1380 facultatem
898 1313 1079 1378 conferendi
1095 1313 1186 1377 istius
1201 1310 1330 1376 honoris
1345 1310 1452 1386 habet,
1475 1331 1534 1373 au-

337 1419 453 1486 diuisse
475 1421 625 1486 docuerit.
671 1420 741 1485 Hoc
762 1419 908 1484 uidelicet
923 1419 1025 1498 modo,
1049 1418 1131 1502 quod
1154 1417 1346 1482 ordinariam
1367 1415 1536 1480 lectionem

338 1526 384 1610 (in
407 1525 457 1591 Ju
472 1548 513 1590 re
536 1524 750 1590 Canonico
774 1525 883 1589 uolens
907 1525 1018 1606 creari)
1041 1544 1105 1588 non
1127 1521 1318 1609 neglexerit,
1350 1519 1480 1585 Sextum
1503 1522 1537 1583 et

337 1630 550 1696 Clementinas
574 1631 670 1695 semel
694 1632 732 1696 ad
755 1631 851 1695 finem
874 1629 938 1715 legi
961 1629 1126 1694 audiuerit.
1180 1628 1341 1693 Honorem
1362 1649 1437 1691 uero
1459 1647 1537 1690 eun-

337 1737 409 1800 dem
431 1740 542 1821 petens
575 1737 609 1800 in
632 1735 743 1802 Studio
773 1735 892 1801 Jurir
922 1733 1099 1813 Ciuilis,
1131 1735 1308 1799 ordinariae
1339 1731 1483 1798 lectionis
1505 1735 1539 1795 et

338 1865 375 1907 ex
397 1843 530 1926 reliquis
551 1843 647 1906 unius
670 1843 832 1908 cuiusdam
855 1840 895 1906 ad
917 1843 1023 1906 minus
1046 1841 1205 1905 assiduum
1237 1861 1270 1904 se
1293 1839 1389 1903 fuisse
1411 1837 1537 1902 audito-

335 1969 402 2012 rem
425 1948 568 2031 probato.

339 2177 615 2241 Reformatio
636 2176 808 2242 Statuti
831 2175 945 2243 Anno
968 2173 1162 2242 MDXXXV.
1186 2172 1259 2238 Die
1276 2177 1305 2237 2.
1329 2171 1534 2257 Septemb.

422 2351 616 2417 Permissum
639 2357 746 2418 tamen
769 2356 818 2417 est
839 2352 872 2416 Si
895 2352 1078 2416 candidatus
1101 2351 1276 2435 quispiam,
1311 2349 1385 2416 licet
1408 2353 1536 2434 tempus

339 2457 520 2542 legitimum
552 2457 600 2521 sui
624 2455 725 2540 Studij
760 2479 823 2521 non
847 2457 1036 2535 obsoluerit,
1071 2458 1247 2521 eruditione
1279 2462 1382 2522 autem
1407 2457 1539 2520 nonsit

341 2563 472 2626 inferior
496 2563 569 2641 illis,
594 2562 649 2646 qui
672 2563 796 2626 nullum
821 2564 855 2626 in
878 2585 913 2627 eo
930 2563 1085 2627 defectum
1108 2563 1303 2641 admiserint,
1328 2567 1359 2626 et
1382 2562 1539 2625 industria

339 2691 375 2732 ac
396 2668 555 2758 honestas
568 2668 705 2734 hominis
728 2673 892 2753 tantopere
914 2669 1154 2752 inquisitoribus
1176 2670 1346 2755 probetur,
1379 2689 1475 2732 vnum
1498 2667 1539 2730 de

339 2773 556 2858 quinquennio
580 2798 698 2840 annum
722 2775 891 2839 remittere.

425 2871 617 2947 Candidatus
645 2881 866 2966 repetitionem
896 2881 993 2945 etiam
1022 2878 1146 2963 publice
1174 2880 1319 2964 peragite
1342 2882 1375 2942 et
1396 2877 1533 2962 praesidi

340 2987 417 3050 duos
440 2987 574 3052 florenos
605 2989 719 3053 soluito
742 3009 799 3071 pro
822 2969 1000 3062 laboribus,
1033 2989 1064 3049 et
1087 2985 1216 3049 docendi
1238 3006 1353 3048 munus
1376 3007 1395 3047 a
1417 2983 1536 3047 Docto-

340 3091 426 3156 ribus
450 3092 511 3155 sibi
534 3092 774 3170 demandatum,
808 3093 862 3175 qui
884 3113 994 3156 cursus
1017 3091 1114 3175 uulgo
1136 3075 1275 3167 uocatur,
1299 3089 1450 3173 perficito,
1475 3089 1539 3152 nisi

340 3196 433 3260 certis
457 3197 617 3261 decausis
641 3196 696 3260 illa
718 3197 780 3262 sibi
803 3197 1027 3261 condonentur.

427 3301 460 3366 Si
483 3303 554 3386 quis
578 3304 611 3367 in
634 3303 787 3368 alterutro
810 3301 888 3368 dure
920 3323 975 3385 per
1008 3301 1169 3386 integrum
1199 3299 1450 3382 quinquennium
1481 3321 1538 3361 au-

341 3406 463 3471 diendis
485 3407 674 3473 lectionibus
697 3409 838 3473 sedulam
853 3428 981 3491 operam
998 3407 1139 3482 nauauit,
1162 3406 1195 3468 in
1218 3405 1317 3469 altero
1340 3409 1445 3468 autem
1460 3402 1540 3468 Jurc

341 3513 480 3577 triennio
502 3513 609 3577 solum
631 3515 776 3578 docentes
799 3513 921 3578 audiuit
935 3512 1120 3576 Eruditione
1140 3515 1245 3574 tamen
1270 3511 1346 3574 satis
1370 3509 1538 3594 proiecisse

342 3639 411 3682 eum
438 3622 569 3697 constet,
593 3620 707 3683 iterum
724 3619 882 3685 Facultati
898 3620 946 3683 ius
969 3623 1001 3683 et
1019 3622 1157 3702 potestas
1172 3616 1363 3694 remittendi,
1386 3621 1423 3680 ut
1444 3615 1539 3679 modo

344 3723 463 3788 dietum
487 3729 544 3802 est,
568 3729 642 3791 esto.

427 3829 593 3895 Praeterea
615 3831 642 3894 si
666 3830 934 3915 quinquennalem
962 3852 1089 3914 operam
1112 3829 1144 3892 in
1167 3826 1270 3891 studio
1293 3827 1422 3891 alterius
1445 3823 1535 3890 Juris

340 3936 513 4020 expleuerit
529 3941 560 4000 et
577 3941 692 4020 postea,
718 3958 754 4000 eo
769 3937 861 4000 finito
878 3937 1105 4020 quinquennio,
1128 3956 1256 4024 operam
1272 3932 1425 3997 audiendo
1447 3953 1539 4014 prae·

340 4041 431 4119 beat,
464 4042 559 4104 etiam
591 4042 626 4106 in
649 4041 748 4105 altero
772 4042 839 4106 iure
861 4039 1054 4106 Doccntibus
1084 4039 1187 4124 spacio
1218 4038 1350 4101 duorum
1373 4057 1539 4114 annorum,

339 4146 448 4210 sedem
471 4149 611 4230 potestas
635 4147 669 4210 in
694 4150 829 4230 utroque
851 4146 928 4211 Jure
951 4145 1139 4210 admittendi
1160 4143 1363 4227 permittitor.

426 4249 539 4316 Petens
573 4253 724 4318 honorem
746 4251 924 4333 Licentiae,
959 4252 1120 4317 Decanum
1142 4250 1244 4328 adito,
1279 4253 1310 4314 et
1332 4251 1369 4312 ut
1390 4252 1540 4313 conuocat

338 4354 490 4421 Doctores
521 4358 570 4422 sui
601 4359 724 4441 consilij
748 4359 865 4443 petito,
896 4380 1001 4423 coram
1024 4357 1087 4422 illis
1111 4359 1271 4441 apparato,
1295 4355 1424 4438 etquid
1447 4358 1539 4439 roget

340 4460 467 4540 referto,
491 4462 576 4546 apud
599 4462 670 4527 illos
693 4463 915 4539 iuramentum,
938 4463 996 4526 sub
1019 4485 1055 4527 ea
1069 4462 1172 4526 forma
1188 4484 1267 4545 quae
1281 4460 1375 4546 paulo
1397 4459 1541 4543 superius

342 4566 444 4652 cripta
468 4567 657 4650 reperietur,
681 4567 720 4631 ab
744 4588 780 4631 eo
796 4565 940 4652 exigitor.
986 4564 1108 4631 Deinde
1129 4565 1337 4651 interrogatis
1352 4564 1538 4642 Doctorum,
