3460 5314
575 455 692 510 Statuta
714 457 778 512 1477
791 473 819 512 u.
840 458 915 512 1505.
1289 467 1354 530 353

159 608 341 692 priusquam
365 609 404 672 ad
427 609 649 675 recitacionem
672 612 851 679 defectuum
874 638 1002 682 suorum
1024 619 1220 698 admittatur,
1244 625 1276 686 et
1298 645 1356 687 an·

157 719 282 796 tequam
306 715 339 778 in
354 716 602 800 congregacione
618 715 845 803 Magistrorum
861 721 899 786 de
916 723 1063 808 regencia
1082 722 1243 788 facultatis
1261 747 1357 810 super

158 819 294 882 moribus
323 823 355 884 et
386 818 568 904 ydoneitate
599 823 667 886 eius
689 823 898 905 deliberetur,
928 827 1012 892 iuret
1044 827 1077 891 in
1101 850 1213 894 manus
1237 830 1356 906 decani,

28 921 29 940 ¹
157 923 244 996 Quod
273 924 316 988 sit
344 923 521 989 membrum
552 928 769 993 uniuersitatis
799 934 833 994 et
853 929 1017 995 facultatis
1049 930 1091 1013 (ai
1119 931 1217 997 fuerit
1240 932 1356 998 Bacca·

28 1055 29 1060 ¹
156 1027 311 1112 laureas),
342 1029 418 1093 item
441 1030 525 1114 quod
548 1053 605 1095 nec
627 1031 722 1096 verbo
745 1055 803 1097 nec
825 1033 910 1098 facto
935 1057 969 1099 se
990 1036 1068 1100 velit
1090 1036 1268 1116 vindicare,
1301 1059 1358 1122 per

157 1154 187 1196 se
209 1134 259 1197 vel
280 1155 337 1218 per
359 1135 467 1214 alium,
491 1136 607 1201 directe
629 1137 680 1202 vel
701 1138 863 1215 indirecte,
887 1139 1001 1222 quouis
1017 1141 1139 1226 quesita
1156 1141 1285 1228 ingenio
1307 1141 1357 1206 vel

157 1237 267 1314 colore,
291 1238 480 1322 inquantum
503 1241 680 1306 retardatus
703 1241 800 1307 fucrit
823 1243 872 1308 vel
895 1244 1029 1310 reiectus
1053 1246 1102 1310 vel
1124 1245 1233 1324 aliter,
1261 1269 1356 1332 quam

155 1341 214 1418 sibi
238 1343 400 1426 placuerit,
424 1345 554 1410 locatus.
583 1344 665 1410 Item
689 1347 773 1431 quod
796 1369 860 1412 non
882 1349 960 1413 velit
975 1357 1095 1416 secreta
1116 1350 1278 1416 facultatis
1301 1357 1356 1416 aut

155 1448 280 1514 kamere
302 1450 461 1526 reuelare,
486 1452 633 1535 precipue
657 1475 717 1536 que
740 1476 759 1517 a
781 1453 898 1518 decano
920 1454 1152 1520 demandantur
1175 1479 1239 1522 non
1262 1477 1351 1521 reue·

26 1541 28 1616 l
157 1554 259 1620 landa.

25 1741 27 1768 l
158 1747 250 1813 burae
271 1771 330 1832 pro
352 1749 554 1826 victualibus,
578 1771 614 1814 ac
638 1750 737 1816 eciam
760 1751 872 1816 ceteris
902 1751 1065 1837 magistris
1087 1775 1146 1838 pro
1168 1753 1356 1837 resumptio-

157 1855 250 1919 nibus
272 1860 304 1920 et
326 1855 396 1940 alijs
419 1855 592 1919 laboribus.

242 1958 384 2034 Quilibet
408 1959 507 2024 eciam
530 1960 665 2025 decanus
688 1965 766 2026 tunc
787 1982 897 2026 omnes
914 1960 1154 2045 promouendos,
1178 1964 1213 2025 vt
1235 1962 1356 2046 predic-

156 2065 198 2130 tis
220 2065 430 2144 satisfaciant,
455 2065 639 2151 priusquam
661 2087 695 2132 se
717 2066 863 2132 facultati
893 2087 951 2150 pro
974 2065 1207 2150 dispensatione
1228 2088 1357 2150 presen-

156 2173 235 2249 tent,
259 2169 317 2234 sub
338 2193 421 2254 pena
444 2171 678 2248 retardationis,
701 2177 733 2236 et
755 2172 824 2237 siue
846 2193 901 2256 spe
915 2171 1125 2256 promotionis
1140 2177 1173 2235 et
1194 2171 1357 2236 admissio-

156 2277 215 2353 nis,
240 2276 407 2342 admonere
429 2277 530 2342 debet.

243 2381 428 2458 Octauo,
460 2405 501 2448 an
524 2383 754 2468 disputationes
777 2383 918 2449 bursales
940 2405 1049 2449 omnes
1075 2382 1280 2466 compleuerit
1302 2404 1358 2467 per

155 2507 273 2550 annum
299 2508 369 2552 cum
392 2486 533 2551 dimidio.
578 2485 664 2552 Nam
687 2487 714 2552 si
737 2487 821 2552 vltra
835 2510 889 2552 sex
905 2488 1092 2574 neglexerit,
1115 2509 1230 2572 penam
1254 2491 1356 2552 retar-

155 2593 292 2658 dationis
316 2593 464 2658 incurret.

240 2696 374 2777 Nouo,
406 2721 447 2762 an
469 2698 504 2762 in
534 2697 657 2763 actibus
679 2699 828 2764 omnibns
857 2698 1050 2775 lectionum,
1080 2697 1302 2763 exercitiorum
1325 2703 1358 2762 et

156 2802 409 2886 disputationum
432 2803 643 2887 permanserit
665 2825 684 2866 a
706 2802 864 2886 principio
887 2823 986 2885 voque
1008 2803 1042 2867 in
1064 2802 1169 2868 finem.

242 2907 408 2972 Decimo
430 2907 557 2973 scolaris
580 2907 804 2994 interrogetur,
828 2931 869 2972 an
892 2911 1003 2991 quater
1018 2907 1180 2992 magistris
1195 2911 1227 2972 et
1244 2912 1356 2992 quater

155 3011 378 3096 baccalaureijs
391 3012 596 3096 responderit.
622 3012 848 3078 Baccalaurens
859 3035 933 3078 vero
946 3014 1170 3098 interrogetur,
1187 3036 1228 3078 an
1246 3017 1358 3098 quater

155 3118 318 3203 magistris
341 3118 548 3202 responderit.
1040 3097 1047 3110 ¹

241 3222 468 3289 Vndecimo
490 3223 706 3306 interrogetur
730 3221 971 3298 baccalaureus,
1003 3243 1044 3284 an
1076 3225 1109 3285 et
1132 3220 1279 3303 quotiens
1302 3241 1357 3284 ex·

155 3328 363 3394 traordinarie
378 3328 553 3412 presiderit,
577 3326 716 3393 Sceleris
732 3348 816 3405 vero,
839 3348 880 3390 an
901 3330 933 3390 et
949 3325 1095 3409 quotiens
1110 3323 1358 3390 extraordinarie

21 3451 22 3530 j
154 3433 376 3518 baccalaureijs
399 3432 607 3518 responderit.

241 3539 323 3604 Item
347 3539 482 3622 quilibet
504 3539 632 3603 scolaris
665 3543 739 3622 post
762 3538 999 3603 intitulatumm
1031 3557 1064 3600 se
1086 3535 1125 3598 ad
1147 3535 1284 3618 patriam
1307 3553 1358 3597 re-

21 3641 22 3646 ’
155 3644 290 3728 cipieus,
322 3647 446 3727 tempus
468 3665 524 3707 sue
546 3643 690 3708 absentie
712 3643 842 3727 perdere
865 3643 974 3720 debet,
1009 3641 1060 3705 Ita
1082 3640 1165 3725 quod
1188 3639 1222 3704 in
1246 3643 1355 3704 nostra

154 3748 360 3813 uniuersitate
382 3769 445 3812 non
469 3753 632 3814 censeatur
655 3751 811 3833 complere
833 3753 975 3833 tempus,
1010 3747 1035 3811 si
1058 3746 1171 3810 saltem
1192 3744 1250 3809 tali
1274 3749 1354 3808 tem-

156 3875 231 3938 pore
261 3854 294 3917 in
326 3853 477 3918 facultate
506 3858 594 3918 actus
628 3850 716 3920 fiant.
770 3852 819 3918 De
850 3876 913 3938 quo
942 3853 1040 3920 eciam
1062 3855 1169 3917 exacte
1201 3851 1358 3914 adecano

155 3962 295 4045 tempore
318 3957 472 4022 examinis
494 3957 672 4022 defectuum
694 3962 743 4022 est
765 3958 970 4041 querendum.

240 4061 283 4127 llt
304 4085 362 4146 pro
384 4061 610 4128 informatione
633 4064 759 4142 decani,
793 4067 825 4128 et
847 4064 1035 4140 scolarium,
1068 4064 1222 4146 quantum
1245 4062 1293 4126 ad·
1306 4083 1359 4126 ca·

159 4171 293 4255 pitnlnm
318 4169 495 4253 precedens,
518 4170 699 4234 conclusum
723 4174 789 4247 est,
813 4169 897 4253 quod
919 4169 1047 4234 scolaris
1068 4169 1118 4233 vel
1139 4167 1358 4232 baccalaureus

158 4300 177 4341 a
198 4277 266 4340 loco
288 4275 452 4353 recedens,
487 4275 541 4358 qui
563 4278 694 4359 propter
726 4295 815 4338 suam
838 4272 1014 4338 absentiam
1037 4273 1216 4358 aliquorum
1240 4272 1358 4337 exerci-

154 4381 271 4447 tiorum
302 4383 335 4445 et
356 4380 528 4445 lectionum
551 4379 691 4444 defectus
714 4379 842 4463 recipit,
872 4378 956 4462 quod
986 4378 1013 4441 is
1036 4399 1106 4443 oum
1129 4378 1282 4462 temporis
1304 4379 1358 4442 de·

207 4505 337 4548 ursanum
352 4504 393 4544 ner
407 4504 435 4546 u.
448 4502 578 4560 ratingen.
1102 4482 1137 4538 23
