3460 5314
579 481 695 537 scitura
716 483 782 537 1477
802 499 828 536 u.
843 481 919 537 1505.
1287 487 1350 553 345

238 643 289 704 34.
329 641 476 706 Preterea
506 639 620 704 statuit
650 638 802 717 facultas,
836 644 872 704 vt
905 640 1041 725 quilibet
1063 646 1296 727 promoueudus
1317 647 1351 712 in

153 745 272 809 artibus
294 746 423 811 visitare
442 747 588 810 teneatur
610 744 801 829 triginta
824 745 1149 830 disputaciones
1173 749 1349 816 ordinarias

153 847 394 933 Magistrum,
418 848 552 915 Sceleris
576 849 701 932 quidem
725 850 757 912 in
782 849 956 934 principio,
990 850 1216 919 Baccalaureus
1237 877 1310 922 vero
1334 879 1352 920 a

22 975 24 1036 ζ
153 954 368 1037 proposieione
392 955 595 1038 questionum
611 975 709 1038 usque
725 953 872 1018 adfinem
896 955 1082 1021 racionabili
1098 963 1238 1024 cessante
1260 981 1353 1025 causa

153 1063 327 1141 perseueret
358 1080 520 1143 quousque
551 1057 706 1144 gradum,
737 1058 778 1122 ad
800 1081 894 1142 quem
913 1060 1058 1141 anhelat,
1090 1062 1222 1148 adeptus
1245 1064 1351 1143 fuerit,

151 1163 209 1228 sub
231 1185 313 1247 pena
334 1186 399 1230 nou
422 1163 682 1248 computationis.

240 1273 290 1334 35.
315 1267 456 1344 Quilibet
477 1273 620 1354 preterea
641 1268 892 1353 promouendus,
919 1273 985 1334 tum
1008 1269 1234 1338 Bucoalaureus
1257 1293 1352 1356 quam

151 1371 301 1450 Soolaris,
335 1378 487 1457 quater
514 1373 658 1438 adruinus
692 1373 856 1458 Magistris
886 1375 1043 1441 ordinarie
1073 1381 1105 1441 et
1144 1377 1209 1441 bis
1244 1381 1351 1442 extra·

154 1478 310 1542 ordinarie
333 1478 472 1562 aliasque
494 1479 614 1544 tociens
638 1479 785 1562 quociens
815 1501 834 1544 a
855 1478 1012 1564 Magistro
1034 1502 1090 1546 sue
1111 1481 1161 1546 vie
1183 1483 1353 1568 requisitus

156 1582 260 1660 luerit,
284 1583 547 1667 respondere
568 1585 611 1648 sit
633 1583 791 1649 astrictus.

239 1692 289 1752 36,
324 1688 406 1754 Item
428 1687 563 1754 Sceleris
592 1689 825 1772 promouendus
855 1689 1024 1774 diligenter
1055 1690 1185 1781 visitare
1207 1695 1352 1757 teneatur

153 1815 261 1857 omnes
284 1793 516 1878 disputaciones
538 1795 713 1858 ordinarias
736 1794 1032 1870 Baccalaureorum,
1056 1794 1221 1861 dominicis
1244 1779 1353 1861 diebus

152 1920 171 1961 a
193 1899 350 1984 principio
372 1900 528 1964 manendo
551 1921 648 1982 veque
669 1899 819 1964 adfinem
836 1900 934 1963 donec
956 1899 994 1963 ad
1010 1899 1125 1985 gradus
1141 1901 1242 1985 optati
1258 1901 1352 1986 adep-

152 2003 282 2082 cionem,
306 2004 411 2088 sitque
432 2002 567 2074 Seoluris
592 2004 739 2070 similiter
762 2005 910 2070 astrictus
933 2003 1142 2070 Baeculaureo
1164 2008 1213 2071 vel
1235 2006 1352 2072 Bacca-

152 2106 265 2172 laureis
299 2111 410 2191 quater
452 2107 597 2174 adruinus
626 2111 784 2175 ordinarie
816 2111 1003 2194 respondere
1035 2111 1144 2176 diebus
1177 2112 1351 2190 dominicis,

153 2214 186 2278 in
209 2213 449 2298 quadragesima
470 2217 502 2278 et
525 2215 693 2298 quinquies
716 2216 973 2280 extraordinarie.

240 2323 291 2383 37.
316 2322 438 2388 Rursus
460 2323 575 2389 statuit
597 2321 714 2387 artium
728 2320 875 2398 facultas,
900 2321 983 2404 quod
1006 2320 1140 2404 quilibet
1163 2342 1352 2406 promouen-

152 2423 208 2489 due
230 2424 262 2488 iu
289 2429 411 2494 artibus
435 2430 502 2494 siue
526 2427 752 2493 Baccalaureus
780 2427 847 2490 siue
869 2424 1004 2491 Scolaris
1031 2426 1124 2491 debet
1147 2425 1352 2510 compleuisse

152 2529 256 2594 studio
278 2533 418 2599 vacando
444 2556 596 2600 aunum
619 2555 701 2598 cum
726 2531 903 2596 dimidio
930 2530 962 2594 in
985 2531 1045 2596 hac
1066 2532 1115 2596 vel
1138 2531 1201 2596 aliu
1222 2530 1352 2595 uniuer-

154 2635 259 2713 sitate‚
283 2643 339 2703 aut
361 2639 471 2705 saltem
494 2641 528 2704 iu
550 2643 661 2705 nostra
684 2637 733 2702 vel
752 2638 814 2702 alia
834 2637 939 2702 asede
955 2637 1126 2721 apostolica
1141 2633 1354 2721 priuilegium,

442 2919 497 2986 De
519 2920 825 3004 disputatione
846 2919 1012 2983 bureali
1033 2919 1053 2984 ¹.

236 3060 350 3126 Voluit
371 3061 530 3139 facultas,
554 3061 639 3145 qnod
662 3060 840 3144 disputator
862 3058 999 3123 bursalis
1029 3059 1163 3145 singulis
1187 3058 1354 3143 quindenis

154 3185 223 3228 eum
247 3169 357 3231 exacta
379 3166 546 3251 diligentia
569 3187 626 3249 pro
650 3165 788 3229 utilitate
811 3168 842 3227 et
858 3163 1013 3247 qualitate
1027 3163 1300 3228 bacealuureorum
1323 3164 1354 3225 et

153 3269 331 3351 scolarium,
354 3276 403 3336 ter
426 3292 583 3336 resumere
604 3275 636 3335 et
660 3269 755 3334 semel
771 3268 943 3351 disputare,
968 3271 1064 3351 atque
1087 3269 1120 3331 iu
1145 3267 1267 3332 actibus
1289 3264 1354 3330 illis

153 3374 295 3440 absentes
317 3377 443 3463 signare
467 3398 580 3460 eosque
603 3375 716 3441 rectori
739 3375 829 3438 burse
844 3375 876 3437 et
891 3371 1136 3437 conuentoribus
1152 3370 1349 3445 denuntiare,

153 3480 209 3543 sub
232 3481 327 3564 officij
351 3482 400 3546 sui
425 3483 549 3558 debite,
585 3482 733 3546 astrictus
756 3480 807 3544 sit.
854 3477 943 3553 Quod
974 3477 1097 3542 situlis
1120 3476 1354 3562 disputatorin
1478 3483 1480 3488 ’

24 3579 25 3594 ’
153 3585 341 3669 supradictis
356 3587 522 3672 negligens
538 3585 644 3662 fuerit,
668 3590 745 3649 tune
761 3587 862 3648 rector
879 3582 983 3660 bursa,
1005 3581 1149 3646 fraterna
1164 3580 1350 3664 precedente

156 3690 368 3757 admonitione
389 3693 522 3757 eundem
545 3691 706 3756 facultatis
729 3690 845 3754 decano
869 3687 1055 3752 denuntiare
1078 3687 1179 3764 debet,
1203 3685 1259 3769 qui
1281 3685 1353 3769 qui·

158 3795 224 3860 dem
249 3793 383 3860 decanus
407 3796 439 3860 id
462 3797 565 3880 ipsum
586 3795 734 3860 facultati
757 3815 932 3883 proponere
953 3792 1054 3858 debet.

237 3900 319 3964 Item
346 3902 556 3979 vacantis,
581 3923 641 3984 que
663 3901 698 3963 in
720 3899 935 3983 superioribus
960 3897 1165 3962 facultatibus
1187 3896 1354 3973 habentur,

154 4027 215 4069 non
234 3995 409 4088 ‘inpedient
440 4006 688 4091 disputationem
722 4003 897 4080 hurselen,
932 4001 1009 4086 quin
1040 4001 1073 4066 iu
1107 4000 1222 4064 eisdem
1246 4000 1355 4083 dispu-

154 4114 243 4190 tator,
269 4115 365 4198 prout
386 4134 491 4196 supra,
516 4111 677 4196 disputare
699 4113 866 4185 teneatur,
903 4106 1039 4191 demptis
1060 4105 1276 4170 uacationibus
1299 4127 1355 4168 au-

155 4216 356 4281 tumualibus.

228 4461 240 4512 l
265 4457 454 4514 ausfdhrliche
472 4457 703 4528 Beetimnruugen
721 4457 851 4511 hierilber
870 4473 919 4510 aus
938 4454 1002 4508 dem
1016 4452 1040 4506 J.
1056 4454 1122 4509 1528
1141 4451 1233 4507 finden
1252 4451 1308 4507 sich
1328 4450 1357 4506 in

164 4545 216 4601 den
235 4546 350 4602 Bendcu
367 4545 442 4600 Fach
460 4546 506 4610 Vl,
526 4547 558 4602 21
578 4547 597 4600 f.
616 4548 657 4601 91.
688 4545 763 4602 Fach
780 4544 839 4609 XV,
860 4544 900 4598 15.
1035 4577 1039 4585 -
