3460 5314
687 470 804 527 Statuta
823 471 898 528 1539.
1320 471 1380 538 291

275 628 409 698 Interim
431 633 549 698 iurabit
567 632 704 699 Domino
720 630 856 710 Decano,
881 631 964 714 quod
979 630 1066 710 uelit,
1091 633 1309 716 quoquomodo
1334 633 1382 696 iu-

189 734 306 800 dicium
328 739 365 802 de
379 759 412 802 se
433 739 534 818 cadat,
560 739 600 803 ad
623 737 784 823 repulsam
799 736 849 800 nel
872 736 911 800 ad
928 735 1146 821 ignominiam,
1171 736 1382 801 obedientiam

189 843 295 906 tamen
315 847 346 906 et
368 845 604 908 uenerationem
625 840 880 928 praeceptoribus
895 841 960 904 suis
983 845 1141 926 praestare
1163 841 1306 925 nihilque
1328 862 1384 925 per

189 968 221 1010 se
243 945 294 1009 uel
316 968 372 1030 per
394 947 491 1012 alium
507 969 563 1012 auo
579 948 707 1012 nomine
724 946 806 1030 quod
830 946 895 1009 irae
918 950 973 1010 aut
995 945 1154 1010 uindictae
1176 946 1385 1031 suspicionem

188 1055 312 1136 arguat,
336 1051 518 1117 machinari.
563 1052 687 1116 Pariter
717 1050 886 1134 promittat
908 1071 946 1114 ex
969 1049 1051 1114 bona
1082 1049 1143 1115 fide
1165 1056 1198 1115 et
1221 1073 1278 1134 pro
1302 1050 1384 1116 veri-

188 1157 256 1218 tate
287 1155 325 1219 ad
357 1157 552 1242 interrogata
581 1179 614 1221 se
643 1176 867 1240 responsurum
899 1177 980 1232 esse,
1013 1160 1122 1239 postea
1151 1156 1331 1220 dimittatur
1354 1161 1386 1220 et

188 1281 373 1342 responsum
396 1260 568 1326 Facultatis
591 1263 742 1344 expectet.

278 1363 412 1431 Interim
423 1367 601 1449 Consiliarij
626 1365 806 1429 deliberent
830 1368 860 1428 et
883 1364 1047 1429 conferant
1070 1365 1153 1430 inter
1177 1388 1218 1444 se,
1241 1388 1281 1430 ne
1304 1367 1386 1451 quod

190 1471 230 1536 ad
253 1471 432 1556 legitimum
466 1478 590 1558 tempus
619 1471 711 1535 istius
742 1470 853 1552 studij,
886 1469 925 1534 ad
957 1474 1079 1534 statuta
1107 1475 1139 1534 et
1172 1471 1385 1536 ordinationes

190 1577 338 1661 pertinet,
362 1577 554 1643 Candidatus
576 1599 688 1662 parum
711 1575 899 1652 absoluerit,
931 1597 1009 1640 neue
1037 1576 1170 1641 maiores
1193 1577 1330 1642 delectus
1352 1578 1385 1642 in

191 1704 227 1746 eo
243 1684 486 1767 comperiantur,
510 1687 547 1746 ut
562 1681 690 1746 admitti
704 1680 793 1745 nefas
809 1680 861 1758 sit,
884 1680 998 1764 quibus
1013 1681 1181 1766 diligenter
1206 1683 1386 1766 exploratis

190 1808 375 1872 responsum
397 1789 425 1854 ei
447 1789 576 1854 dabunt.
932 1857 936 1866 ,

279 1893 325 1959 Vt
348 1895 658 1960 Baccalaureus
680 1892 750 1976 quis
773 1891 806 1955 in
831 1893 899 1956 inre
921 1896 1061 1971 creetur,
1086 1915 1143 1976 per
1165 1899 1250 1959 certa
1272 1894 1389 1959 indicia

195 2001 242 2064 uel
274 1998 302 2063 si
330 2001 432 2064 uisum
450 2000 553 2065 ‘fuerit
573 1998 718 2076 consilio,
748 2021 805 2082 per
836 1998 1047 2063 iuramentum
1077 2015 1169 2064 suum
1191 2002 1267 2066 duos
1290 2022 1389 2065 annos

193 2126 266 2169 cum
289 2105 419 2170 dimidio
442 2105 520 2170 iuris
543 2105 657 2180 studio,
681 2108 810 2190 propter
834 2105 916 2188 quod
938 2105 1023 2170 hunc
1044 2103 1195 2169 bonorem
1218 2107 1315 2190 petit,
1338 2108 1387 2170 in-

192 2211 342 2296 uigilasse
364 2233 397 2276 se
419 2212 562 2295 probato,
585 2232 686 2294 neque
708 2210 785 2273 satis
808 2214 866 2289 est,
890 2209 952 2273 nisi
976 2231 1026 2275 eas
1049 2210 1207 2290 lectiones,
1232 2233 1309 2295 quas
1333 2233 1387 2274 au·

193 2315 329 2381 thoritea
352 2321 589 2401 praeceptorum
613 2317 818 2393 ordinauerit,
842 2320 873 2379 et
895 2315 930 2377 in
952 2314 1226 2394 eaVniuersitate,
1249 2317 1298 2380 cui
1323 2315 1388 2399 pri·

196 2421 312 2506 uilegia
334 2443 479 2486 concessa
493 2421 569 2500 sint,
593 2420 759 2497 audiuisse,
784 2421 869 2484 intra
884 2419 943 2484 hoe
957 2423 1097 2504 spatium
1114 2422 1230 2487 doceat.
1267 2420 1390 2485 Poterit

198 2531 302 2592 temen
331 2528 466 2593 facultas
498 2528 631 2613 probata
653 2527 821 2592 Candidati
850 2526 1007 2590 industria
1032 2549 1070 2590 ex
1093 2527 1286 2611 praescripto
1309 2531 1390 2591 tem-

198 2654 273 2716 pore
300 2634 464 2698 dimidium
495 2655 614 2698 annum
644 2633 823 2711 remittere,
854 2632 907 2696 sed
928 2631 1029 2696 adhue
1051 2632 1241 2717 requiritur,
1275 2637 1311 2696 ut
1333 2654 1390 2717 pro

197 2736 321 2817 cuculo,
344 2761 437 2822 quem
460 2742 584 2818 uocant,
607 2739 732 2825 publice
755 2738 849 2803 semel
871 2738 1075 2822 responderit.
1411 2807 1414 2812 Α

280 2841 341 2907 His
364 2844 410 2908 ita
431 2865 468 2908 ex
480 2841 613 2909 Decreto
632 2844 762 2928 Consilij
788 2844 941 2927 expeditis
966 2848 998 2908 et
1019 2831 1199 2928 praemissis
1215 2842 1390 2910 Candidato

194 2948 400 3033 praefinietur
422 2950 497 3030 dies,
522 2971 584 3034 quo
606 2956 845 3036 praeceptorum
864 2971 992 3014 suorum
1014 2949 1128 3013 iudicio
1151 2953 1183 3012 et
1205 2950 1392 3013 examini

196 3079 228 3120 se
251 3057 436 3134 submittat,
471 3061 502 3122 et
517 3047 703 3142 'Deputatus
726 3057 775 3122 illi
799 3055 976 3120 ordinarius
997 3077 1090 3118 mane
1111 3056 1276 3119 materiam
1298 3054 1332 3118 in
1356 3076 1391 3118 eo

196 3160 284 3238 Jure,
308 3183 370 3245 quo
392 3163 525 3248 gradum
548 3163 610 3228 sibi
633 3163 757 3226 decerni
779 3162 869 3246 petit,
892 3160 1100 3244 respondendi
1123 3165 1287 3244 proponat.
1329 3160 1391 3224 Fo-

197 3265 268 3330 dem
303 3287 397 3349 porro
428 3267 478 3332 die
510 3268 588 3332 bora
609 3267 825 3353 pomeridiana
857 3264 992 3330 secunda
1015 3264 1065 3328 uel
1088 3263 1183 3327 tertia
1205 3287 1243 3328 ex
1264 3269 1391 3329 sentcn-

197 3371 244 3435 tia
276 3370 424 3455 ordinarij
448 3371 594 3438 Doctoris
625 3373 822 3458 designatam
854 3372 915 3436 sibi
946 3371 1110 3436 materiam
1142 3369 1279 3452 primum
1313 3372 1391 3436 reci-

198 3480 278 3554 tato,
306 3483 413 3561 postea
435 3478 474 3543 ad
497 3478 627 3544 eandem
652 3477 842 3544 Doctoribus
857 3479 1026 3542 secundum
1049 3477 1241 3561 interrogata
1260 3498 1316 3541 sua
1342 3498 1391 3540 re·

201 3582 361 3666 spondete.

286 3686 345 3752 Sed
369 3693 401 3752 et
415 3687 600 3756 Ordinarius
616 3712 678 3773 qua
698 3689 784 3768 bora,
808 3712 870 3774 quo
893 3690 961 3754 loeo
983 3694 1015 3754 et
1037 3689 1125 3753 cuius
1146 3689 1296 3753 materiae
1318 3711 1391 3753 exa·

199 3792 285 3858 mine
306 3793 512 3878 inquirendus
535 3795 577 3860 sit
599 3791 807 3874 Candidatus,
840 3794 1030 3860 Doctoribus
1061 3815 1193 3878 quorum
1216 3795 1394 3879 praesentia

199 3903 232 3962 et
254 3900 435 3964 testimonio
466 3899 532 3963 illie
553 3921 630 3983 opus
661 3900 740 3978 erit,
771 3922 828 3985 per
857 3902 965 3965 literas
987 3905 1019 3965 et
1042 3901 1222 3966 ministrum
1246 3900 1392 3966 indicato.

200 4002 262 4080 Qui
284 4005 375 4069 finito
398 4006 540 4070 examine
562 4005 675 4092 iurent,
700 4028 733 4070 se
755 4007 840 4071 nolle
855 4007 976 4073 moueri
992 4029 1098 4071 amore
1114 4007 1166 4071 uel
1187 4007 1268 4084 odio,
1292 4028 1394 4089 neque

200 4109 294 4176 aliter
315 4110 505 4175 admissuros
529 4108 748 4190 Candidatum,
772 4111 835 4176 nisi
857 4112 1004 4176 idoneum
1026 4113 1236 4195 compererint
1257 4117 1314 4176 aut
1336 4111 1394 4176 ho·

200 4237 277 4280 nore
299 4217 360 4280 isto
389 4215 522 4302 dignum
544 4217 763 4282 existimarint.
810 4215 967 4294 Quodsi,
998 4221 1034 4282 ut
1065 4217 1124 4280 iste
1146 4215 1246 4280 honor
1268 4217 1296 4281 ei
1320 4239 1394 4282 eon-

200 4321 331 4400 feratur‚
354 4323 553 4408 singulorum
577 4323 735 4409 suflragijs
760 4323 875 4408 dignus
891 4322 1045 4386 iudicatus
1061 4322 1168 4400 fuerit,
1191 4322 1396 4406 praefiniatur

200 4426 316 4491 iterum
340 4428 414 4507 dies,
439 4450 500 4513 quo
516 4426 686 4514 Delegatus
703 4451 773 4494 eum
789 4428 973 4494 Crdinarius
994 4428 1157 4513 proposita
1172 4433 1278 4493 tamen
1302 4451 1395 4513 quae-

200 4532 320 4613 stione,
337 4556 431 4618 quam
453 4538 577 4613 tractet,
602 4532 846 4600 Baecalaureum
870 4534 995 4620 publice
1017 4539 1049 4598 et
1072 4534 1255 4599 solemniter
1280 4539 1372 4598 creet.

556 4653 560 4660 '
1136 4637 1190 4692 19*
