3462 5320
678 422 794 477 statute
814 421 890 476 riso.
1324 427 1387 492 259

180 579 258 644 dnm
279 579 380 645 libros
403 581 640 646 sentenciararn
661 579 780 661 tepere,
810 578 952 660 qnalibet
982 577 1063 642 lora
1093 580 1190 645 micli
1216 585 1388 666 assignata

180 683 267 748 altra
287 705 384 750 onom
406 685 647 750 distinctionem
669 701 733 746 non
756 681 866 763 leone,
890 682 958 746 nisi
974 681 1148 765 lonqiorem
1163 686 1307 752 breuiori
1329 689 1387 754 acl-

180 789 305 868 clerem,
332 794 362 854 et
391 791 588 854 insecundo
618 807 703 854 onnia
736 789 869 852 terciam
891 793 921 854 cl
943 795 1095 870 quartam
1117 791 1235 872 libros,
1267 799 1388 860 tentam

174 911 240 974 per
254 893 472 960 conclusiones
496 893 625 976 lependo
648 897 678 956 et
700 891 873 975 diligenter
894 895 1089 972 exponendo.

269 997 351 1064 Item
373 999 461 1064 omni
484 1019 568 1064 anno
591 999 785 1079 respondere
807 1003 838 1061 et
860 997 1060 1064 collationem
1079 996 1203 1079 facere,
1226 1007 1259 1065 ot
1282 1022 1387 1084 snpra

182 1104 221 1168 ale
244 1123 377 1168 cursore
397 1104 542 1168 tabitam
566 1109 622 1168 est.

272 1208 354 1274 Item
377 1210 414 1272 in
430 1209 601 1290 principio
626 1207 703 1274 libri
712 1209 819 1288 priori
841 1209 923 1272 dnos
935 1209 1075 1288 florenos
1090 1210 1214 1276 soluere
1234 1211 1387 1291 facultati

183 1318 213 1378 et
233 1312 362 1393 pedena
384 1334 491 1392 annm,
515 1318 545 1378 et
567 1315 603 1378 in
625 1313 764 1396 qnalibet
786 1312 869 1378 libro
887 1314 1092 1393 prirccmiam
1111 1315 1227 1396 facere.

270 1416 353 1482 Item
376 1415 495 1482 iaciens
517 1416 710 1502 principiam
742 1416 776 1481 in
808 1415 938 1480 tertium
960 1415 1079 1482 librum
1101 1419 1144 1483 sit
1166 1424 1199 1484 et
1221 1425 1387 1504 reputetur

184 1522 499 1587 baccalaureus
522 1521 567 1585 in
591 1520 809 1605 theologia
831 1519 994 1584 formatus.
1091 1544 1094 1550 ·

303 1691 475 1760 Statuta
497 1694 688 1760 volentis
711 1695 943 1779 procedere
965 1697 1015 1762 ad
1038 1697 1268 1764 licenciam.

273 1833 461 1914 Statuirnus,
485 1837 568 1920 quod
591 1811 700 1900 volens
715 1836 895 1920 promoueri
910 1837 949 1900 ad
972 1837 1196 1904 licenciam
1219 1842 1308 1922 petat
1330 1839 1392 1903 sibi

186 1938 258 2004 fieri
280 1941 559 2026 congregationem
582 1940 725 2006 omnium
742 1941 968 2025 magistrorum
991 1943 1178 2027 regentium.
1214 1965 1276 2027 qua
1298 1942 1390 2021 facta,

184 2048 222 2108 vt
244 2044 304 2109 eibi
327 2045 461 2112 licencia
482 2047 673 2123 conteratur,
697 2049 795 2130 petat.
830 2051 863 2110 et
885 2046 913 2110 si
935 2046 1048 2112 maiori
1069 2049 1155 2131 parti
1177 2049 1215 2112 de
1236 2069 1292 2112 sua
1313 2047 1391 2131 ydo-

187 2150 307 2214 neitate
331 2151 521 2230 constiterit,
545 2152 734 2216 admittatur
757 2154 790 2216 et
805 2151 939 2216 decanus
966 2153 1014 2216 vel
1037 2153 1117 2218 alius
1140 2155 1268 2218 nomine
1290 2153 1391 2217 lacul-

191 2255 270 2320 tatis
301 2278 371 2320 eum
402 2257 589 2322 cancellario
621 2257 670 2322 vel
694 2257 760 2321 eius
784 2257 866 2320 vices
888 2256 1012 2341 gerenti
1034 2261 1194 2340 presentet
1215 2280 1324 2336 orans,
1356 2262 1392 2320 vt

188 2359 256 2426 sibi
272 2364 415 2447 tempore
439 2383 580 2448 congruo
603 2362 767 2428 licenciam
790 2361 941 2426 conferat.

510 2535 565 2602 De
588 2535 879 2622 negligenciis
901 2539 1074 2599 statuta.

275 2673 450 2742 statuimus
474 2679 505 2741 ot
527 2675 719 2754 ordinamus,
744 2676 829 2759 quod
853 2673 1048 2740 baccalaurei
1071 2674 1105 2738 in
1128 2696 1212 2740 anno
1235 2697 1298 2759 quo
1320 2696 1391 2739 sen·

189 2781 311 2846 tercias
332 2785 388 2846 ant
409 2802 520 2846 cursus
539 2781 662 2866 legunt,
686 2782 781 2846 etism
807 2781 841 2846 in
864 2801 948 2845 anno
963 2779 1048 2845 infra
1062 2801 1189 2845 cursum
1212 2785 1244 2846 et
1266 2783 1392 2844 senten-

188 2885 250 2951 tias
273 2887 441 2971 magistros
457 2887 596 2964 audiant,
619 2887 678 2951 snb
702 2909 783 2971 pena
799 2886 1037 2964 retardationis,
1062 2888 1184 2952 nisiex
1208 2907 1394 2952 causacum

189 2992 247 3055 tali
270 2993 416 3056 videatur
439 2992 692 3075 dispensandum.

277 3095 423 3162 Preterea
456 3097 644 3162 baccalaurii
668 3102 835 3162 teneantur
864 3095 1007 3181 singulos
1037 3097 1266 3181 disputationes
1290 3095 1393 3180 magi-

191 3205 329 3266 strorum
361 3203 489 3268 visitare
520 3203 718 3287 aprincipio
747 3224 843 3286 voque
866 3202 904 3266 ad
928 3203 1042 3277 finem,
1075 3206 1106 3264 et
1129 3201 1230 3266 ineis
1253 3221 1394 3285 arguere,

191 3305 321 3391 insuper
343 3308 630 3393 promouendorum
653 3307 809 3392 principia
824 3311 855 3372 et
874 3308 1105 3392 resumptiones
1127 3306 1298 3371 lectionum
1324 3309 1396 3391 post

191 3410 365 3490 vacancias,
391 3412 449 3478 sub
473 3414 572 3497 priori
594 3435 685 3498 pena.

278 3515 360 3582 Item
389 3519 579 3584 bamolaurii
609 3541 682 3584 suas
714 3518 934 3603 responsiones
957 3523 988 3581 et
1010 3515 1194 3581 aillationes
1226 3516 1396 3600 diligenter

192 3621 370 3704 perficiant.

279 3725 568 3813 Baccalaureusque
592 3733 664 3814 post
680 3729 914 3814 responsionem
931 3729 964 3791 in
988 3728 1169 3813 prandio
1192 3728 1276 3791 vltra
1298 3747 1396 3790 vnum

194 3829 349 3896 florenum
371 3853 435 3898 non
459 3839 608 3920 exponat.

281 3936 363 4002 Item
385 3938 463 4003 alibi
487 3944 651 4024 promotus
682 3941 765 4006 iuret
794 3943 915 4004 statuta
937 3961 1063 4004 seruare
1088 3943 1120 4003 et
1142 3939 1253 4003 bursas
1277 3938 1399 4002 soluere

192 4045 225 4106 et
247 4043 368 4126 pedollo
391 4043 581 4126 satisfacere,
608 4068 646 4111 ac
669 4047 696 4110 si
719 4046 772 4110 hic
795 4051 959 4130 promotus
983 4049 1072 4140 esset.

338 4215 629 4284 duramentum
652 4221 931 4306 promouendi
954 4221 1002 4285 ad
1023 4219 1254 4284 licenciam.

281 4355 352 4441 Epo
365 4409 372 4422 .
385 4408 414 4424 ..
436 4361 509 4426 iaro
533 4360 748 4426 obedienciam
764 4359 908 4426 Romane
929 4359 1069 4438 ecclesie,
1093 4359 1308 4424 reverenciam
1331 4377 1399 4421 ma-

190 4463 368 4545 gistrorum
397 4467 433 4529 in
466 4465 623 4550 tleoloyia
655 4486 788 4532 seruarc
820 4471 914 4548 atone
934 4486 1133 4546 procurare,
1162 4483 1278 4544 pacem
1300 4461 1400 4526 eciam

1138 4567 1191 4621 17*
