3464 5318
536 448 576 502 16.
597 445 677 500 Bulla
696 442 867 499 Alexanders
886 442 926 498 VI
946 444 1022 498 1492.
1336 445 1378 510 95

175 607 258 671 nulli
279 606 342 670 riri
367 606 569 672 ecclesiastici
592 605 768 691 superbos
791 627 824 668 se
846 604 1082 687 interponentes
1106 605 1223 666 certam
1247 624 1376 668 concor·

176 711 262 776 diam
284 713 368 776 inter
391 717 497 796 partes
519 712 677 795 predictas
699 714 918 793 conceperant,
946 707 1103 772 Videlicet
1125 707 1206 790 qnod
1231 709 1377 791 quotiens

175 839 213 882 ex
236 822 312 882 tnnc
336 818 480 901 deinceps
503 817 619 880 dictam
642 817 874 901 preposituram
897 836 1006 878 vacare
1029 814 1236 899 contingeret,
1262 815 1378 897 prefati

174 922 349 1006 capitulum
382 921 537 984 haberent
570 921 619 984 ius
648 924 680 984 et
713 919 896 984 facultatem
929 917 1063 1002 eligendi
1089 919 1120 982 in
1145 920 1376 1003 preposituram

174 1027 274 1112 ipsius
297 1026 426 1090 ecclesie
450 1027 612 1090 doctorem
634 1025 683 1089 rel
706 1025 904 1088 licentiatum
920 1024 953 1088 in
971 1024 1077 1106 aliqua
1099 1025 1253 1108 superiori
1277 1024 1376 1089 lacul-

173 1137 239 1196 tste
261 1154 317 1216 per
340 1131 400 1194 loci
417 1131 617 1195 ordinarium
632 1130 871 1208 instituendum,
895 1129 1013 1213 absque
1028 1129 1134 1212 aliquo
1151 1129 1376 1212 impedimento

173 1236 273 1319 ipsius
302 1235 433 1301 Comitis
467 1258 503 1299 ac
532 1235 683 1298 heredum
714 1238 744 1326 ep
777 1255 988 1298 successorum
1022 1255 1167 1310 suorum,
1203 1232 1249 1298 Ac
1273 1235 1376 1318 ipsum

171 1340 389 1404 Eberhardum
415 1341 563 1404 comitem
587 1340 626 1404 ad
649 1339 872 1423 acceptandam
889 1340 1007 1404 dictam
1022 1339 1220 1404 concordiam
1244 1341 1375 1404 induxe-

171 1451 264 1520 rant3
300 1446 423 1530 Illoque
447 1446 649 1530 postmodum
671 1445 832 1510 ordinaria
859 1445 1046 1510 auctoritate
1065 1444 1251 1508 confirmata
1272 1445 1376 1510 fuerat

173 1573 211 1615 ac
235 1552 267 1614 in
290 1552 396 1616 eadem
421 1551 617 1636 expositione
640 1549 816 1627 subiunctn,
841 1549 925 1633 quod
941 1549 1042 1613 eidem
1057 1548 1166 1612 comiti
1181 1570 1219 1612 ex
1242 1550 1374 1632 premis·

173 1657 218 1720 sis
241 1657 415 1741 plurimum
431 1657 695 1741 preiudicabatur,
719 1677 775 1720 nec
791 1657 911 1718 iustum
934 1658 965 1718 et
981 1653 1171 1718 conueniens
1189 1657 1265 1730 erat,
1291 1654 1374 1736 quod

173 1764 242 1846 ipse
265 1766 432 1845 propterea
454 1761 537 1826 dicto
561 1783 617 1824 suo
641 1759 708 1824 inre
731 1764 918 1844 patronatus
942 1760 1062 1843 priunri
1084 1759 1228 1836 deberet,
1251 1781 1373 1844 preser-

172 1867 232 1930 tim
259 1867 419 1950 cumipse
443 1866 525 1930 dicte
548 1865 763 1929 rniuersitatis
792 1865 943 1928 fundator
974 1869 1056 1929 esset
1078 1868 1110 1928 et
1132 1865 1280 1930 continue
1301 1888 1374 1950 pro-

170 1975 296 2035 curaret
320 1970 406 2033 illins
430 1973 637 2054 augmentum
660 1972 691 2032 et
714 1990 880 2052 prosperos
903 1990 1079 2046 successus,
1111 1991 1146 2034 ac
1168 1993 1224 2036 sua
1246 1993 1282 2036 ac
1304 1994 1373 2036 sue-

172 2096 333 2139 cessorum
355 2097 485 2138 suornm
507 2075 680 2158 plurimum
704 2074 865 2152 intererat,
890 2079 925 2138 vt
948 2097 1081 2158 persona
1103 2077 1224 2160 ydonee
1246 2077 1278 2140 in
1302 2099 1373 2162 pre·

171 2180 313 2264 positum
348 2181 432 2244 dicte
462 2181 590 2244 ecclesie
613 2179 643 2244 S.
669 2180 797 2264 Georgii
821 2181 1043 2264 deputaretur,
1075 2181 1221 2265 precipue
1244 2187 1373 2268 propter

168 2285 309 2348 mraxime
331 2307 428 2349 onera
450 2285 498 2349 illi
522 2285 645 2349 ratione
668 2285 744 2350 dicti
767 2285 864 2350 officii
877 2284 1122 2350 Cancellariatus
1146 2287 1373 2367 incumbentia,

169 2411 208 2452 ac
230 2388 325 2452 etiam
357 2389 557 2453 obstantibus
587 2389 853 2454 reseruationibus
884 2391 1065 2472 apostolicis
1094 2392 1131 2456 de
1162 2391 1371 2477 dignitatibus

170 2493 402 2578 principalibus
424 2494 457 2556 in
481 2491 657 2578 collegiatis
680 2492 817 2558 ecclesiis
840 2515 896 2577 per
920 2495 1039 2558 dictum
1055 2494 1275 2560 Innocentium
1298 2520 1371 2582 pre·

168 2599 363 2662 decessorem
386 2603 417 2662 et
442 2597 553 2662 Sedem
576 2598 779 2682 apostolicam
804 2621 861 2683 pro
885 2605 1025 2684 tempore
1048 2600 1150 2678 factis,
1174 2601 1223 2666 ius
1245 2602 1371 2687 aliquod

167 2703 309 2789 eligendi
331 2726 369 2768 ex
392 2705 558 2769 concordia
579 2707 611 2768 et
634 2704 718 2768 illius
739 2705 977 2770 confirmatione
999 2707 1158 2790 premissis
1181 2708 1296 2774 eisdem
1320 2732 1370 2774 ca·

167 2808 273 2892 pitulo
297 2809 486 2892 acquisitum
509 2831 573 2873 non
596 2809 700 2874 fuerat
723 2833 780 2876 nec
803 2811 924 2894 acquiri
946 2815 1079 2896 poterat.

258 2913 305 2978 Ac
328 2936 386 2998 pro
402 2920 491 2999 parte
508 2914 623 2999 prefati
640 2914 875 2980 Eberhardi
891 2915 1022 2980 Comitis
1045 2917 1145 2982 eidem
1162 2920 1370 3003 predecessori

167 3017 336 3082 humiliter
358 3020 543 3103 supplicato,
567 3023 603 3084 vt
624 3021 729 3104 ipsum
753 3021 791 3084 ad
815 3020 912 3104 ipsius
931 3024 1129 3088 concordiam
1152 3029 1183 3090 et
1205 3026 1370 3090 confirma·

169 3123 292 3187 tionem
316 3126 471 3210 predictas
500 3127 533 3190 in
567 3126 738 3210 pristinum
762 3130 794 3190 et
817 3147 887 3190 curn
911 3131 1029 3191 statum
1060 3128 1093 3190 in
1117 3151 1179 3213 qno
1202 3134 1276 3194 ante
1298 3132 1370 3196 illas

164 3232 236 3292 erat
257 3229 422 3293 restituere
454 3252 604 3315 reponere
626 3236 658 3295 et
680 3231 874 3315 reintegrare
898 3253 933 3296 aa
956 3255 1013 3315 pro
1036 3235 1151 3317 potiori
1174 3236 1294 3300 cautela
1321 3238 1369 3302 ius

164 3338 353 3418 patronatus
380 3336 462 3400 dicte
485 3337 681 3420 prepositure
705 3341 736 3402 et
750 3337 950 3420 presentandi
968 3338 1006 3401 ad
1022 3337 1111 3402 illam
1125 3338 1268 3404 Romano
1290 3365 1369 3425 pon-

163 3438 245 3502 tifici
267 3461 326 3523 pro
355 3443 499 3525 tempore
531 3442 678 3506 existenti
708 3465 873 3527 personam
896 3444 1050 3528 ydoneam
1079 3444 1235 3510 doctorem
1259 3447 1308 3511 vel
1330 3449 1370 3511 li·

164 3543 340 3607 centiatum
372 3545 405 3608 in
430 3545 537 3630 aliqua
559 3548 712 3632 superiori
736 3549 895 3626 facultate,
920 3549 973 3632 qui
996 3551 1033 3614 ad
1058 3552 1228 3636 regendum
1252 3553 1369 3618 dictum

162 3647 410 3714 Cancellariatus
444 3651 584 3716 olficium
607 3653 767 3718 sufficiens
789 3658 880 3732 esset,
905 3657 1049 3739 quotiens
1066 3659 1296 3741 preposituram
1320 3661 1369 3744 ip-

162 3775 231 3816 sam
254 3775 363 3818 vacare
392 3758 598 3842 contingeret.
645 3758 762 3822 Eodem
785 3759 966 3825 Eberhardo
998 3765 1030 3826 et
1052 3763 1283 3851 successoribus
1303 3765 1368 3828 suis

162 3857 240 3920 dicti
263 3858 372 3941 oppidi
399 3860 536 3925 dominis
559 3863 767 3928 existentibus
790 3865 1025 3949 inperpetuum
1043 3868 1079 3932 de
1103 3890 1184 3933 nouo
1208 3891 1367 3932 rescrnure

162 3968 194 4025 et
216 3963 392 4040 concedere,
417 3987 453 4030 ac
476 3968 555 4032 alias
585 3968 618 4032 in
643 3969 802 4054 premissis
834 3974 987 4054 oportune
1010 3974 1173 4057 prouidere
1196 3975 1233 4038 de
1255 3975 1368 4059 benig·

162 4067 263 4132 nitate
284 4070 457 4152 apostolica
482 4072 675 4158 dignaretur.
720 4074 808 4138 Idem
828 4077 1034 4159 predecessor,
1059 4079 1112 4162 qui
1137 4079 1278 4163 personis
1302 4079 1367 4142 sin·

160 4173 262 4258 gulis,
295 4175 441 4259 precipue
479 4178 539 4241 sibi
570 4182 603 4242 et
624 4179 690 4244 sedi
712 4181 882 4263 apostolice
905 4182 1050 4248 fidelibus
1072 4189 1104 4248 et
1126 4186 1264 4265 deuotis,
1299 4186 1368 4250 iura

159 4300 218 4341 sna
250 4282 429 4344 conseruari
468 4283 686 4361 desiderabat,
721 4286 879 4369 prefatum
910 4287 1127 4353 Eberhardum
1160 4289 1315 4354 Comitem
1349 4313 1368 4354 a

160 4385 400 4470 quibuscunque
424 4391 757 4454 excommunicationis
774 4393 988 4476 suspensionis
1004 4399 1036 4458 et
1052 4395 1212 4458 interdicti
1235 4390 1367 4480 aliisque

158 4489 377 4557 ecclesiasticis
411 4495 578 4560 sentenciis
614 4496 754 4563 censuris
784 4501 816 4564 et
847 4499 936 4586 penis
971 4501 1080 4566 aiure
1103 4502 1153 4566 uel
1176 4502 1215 4568 ab
1238 4501 1366 4568 homine
