3504 5322
348 449 410 516 378
798 453 931 510 Facultas
951 451 1070 507 Artium.

346 611 384 678 de
406 635 498 678 mane
520 616 615 696 atque
637 612 746 678 diebus
770 612 891 678 f'estiuis
922 614 961 678 ad
985 611 1094 676 diuina
1116 611 1156 676 ad
1178 609 1346 696 eademque
1371 609 1543 695 processio-

350 718 465 782 naliter
488 719 651 796 deducem,
684 718 821 804 prelecta
851 718 960 784 cedula
981 715 1174 794 Scolarium,
1207 719 1273 781 tam
1297 717 1336 780 ad
1360 714 1543 780 exercitium

348 845 441 908 quam
474 824 512 888 ad
544 823 651 888 diuina
684 823 809 889 Sexto
847 824 880 887 in
912 846 969 888 sua
1003 821 1174 888 ebdomada
1205 845 1267 887 vna
1296 844 1367 888 cum
1397 841 1545 886 economo

351 929 501 992 interesse
525 929 753 1012 computationi
775 928 903 993 bursali.

434 1032 514 1097 Item
539 1055 647 1098 omnes
682 1034 820 1119 quinque
843 1033 958 1098 debent
981 1030 1234 1096 inhabitare
1264 1031 1389 1096 bursam
1411 1027 1483 1095 Nisi
1505 1051 1543 1094 ex

349 1138 532 1203 rationabili
555 1161 648 1204 causa
670 1145 805 1224 quatuor
829 1139 1021 1205 concorditer
1045 1138 1206 1204 licentiam
1229 1136 1340 1200 darent
1366 1135 1489 1220 quinto,
1512 1138 1545 1199 et

346 1244 410 1308 tres
434 1247 556 1327 quarto,
580 1252 611 1311 et
635 1267 699 1312 non
724 1246 815 1311 ultra.

679 1419 734 1484 Dc
755 1417 939 1485 consilio
960 1419 1206 1484 facultatis.

435 1557 551 1623 Omnes
574 1559 733 1646 collegiati
755 1563 960 1624 concentores
977 1558 1128 1623 ordinarii
1151 1561 1367 1642 resumptores
1390 1579 1426 1621 ac
1448 1557 1543 1642 peda·

360 1663 483 1747 gogiste
506 1663 570 1728 sint
592 1666 630 1728 de
652 1665 783 1731 consilio
798 1665 961 1730 facultatis
976 1665 1042 1729 siue
1058 1663 1285 1749 compleucrint
1299 1662 1462 1727 biennium
1477 1662 1545 1728 siue

351 1790 414 1832 non
438 1769 479 1834 Et
502 1769 582 1836 nulli
604 1771 668 1836 alii.

639 1917 644 1926 '
724 1946 781 2013 De
802 1931 1163 2032 temptatoribns.

441 2081 506 2148 Soli
529 2083 577 2147 illi
599 2085 654 2170 qui
676 2090 751 2150 sunt
773 2086 810 2149 de
832 2085 963 2151 consilio
979 2085 1117 2173 predicte
1140 2084 1304 2150 facultatis
1327 2083 1486 2168 eligantur
1509 2080 1542 2144 in

351 2190 566 2274 temptatores.

771 2362 829 2428 De
850 2363 1114 2449 collegiatis.

435 2502 601 2589 Collegiati
631 2504 789 2590 eligantur
822 2503 881 2569 hoo
914 2502 1006 2570 modo
1035 2504 1153 2569 scilicet
1176 2527 1232 2588 per
1255 2507 1392 2588 quatuor
1412 2502 1543 2566 decanos

351 2607 486 2692 quatuoi
508 2608 694 2674 facultatum
717 2633 788 2675 cum
811 2610 933 2675 residuo
964 2610 1128 2696 collegiata
1156 2609 1243 2675 illius
1266 2610 1315 2674 vie
1338 2608 1375 2674 de
1398 2629 1460 2692 qua
1481 2606 1544 2669 fuit

346 2713 400 2796 qui
425 2713 517 2777 cessit
535 2715 584 2778 vel
600 2716 739 2780 decessit.
778 2713 819 2780 Et
833 2737 955 2799 semper
970 2715 1036 2779 sint
1052 2715 1112 2779 duo
1128 2715 1162 2778 in
1185 2715 1236 2779 via
1258 2714 1406 2778 moderna
1428 2715 1460 2776 et
1482 2711 1543 2776 duo

347 2817 380 2882 in
404 2817 454 2882 via
477 2819 616 2904 antiqua.
672 2818 760 2884 inter
789 2841 866 2903 quos
881 2872 884 2880 i
901 2825 1035 2904 quatuor
1064 2821 1130 2884 sint
1159 2841 1282 2905 semper
1306 2819 1366 2883 duo
1389 2816 1541 2900 theologi,

347 2943 426 2988 vnirs
450 2923 482 2987 in
506 2925 558 2989 vic
581 2927 730 2990 moderna
753 2928 784 2988 et
807 2925 887 2989 alter
910 2927 943 2988 in
963 2925 1014 2990 via
1036 2926 1187 3010 antiqua,
1217 2925 1272 2988 alii
1295 2947 1371 2989 vero
1392 2924 1453 2988 duo
1476 2921 1542 2986 sint

312 3027 314 3030 ’
349 3027 387 3092 de
409 3027 560 3094 facultate
583 3031 660 3094 iuris
683 3035 714 3096 et
737 3030 890 3095 medicine
909 3028 929 3094 ¹.

421 3223 431 3272 l
454 3220 544 3276 Ueber
563 3221 607 3276 die
625 3221 799 3292 Collegiaten
817 3221 931 3277 wurden
950 3222 989 3276 im
1007 3222 1032 3275 J.
1045 3223 1112 3276 1508
1131 3220 1197 3276 oder
1215 3221 1283 3274 kara
1295 3220 1400 3275 darauf
1415 3219 1546 3289 folgende

346 3307 574 3380 Bestimmungen
592 3310 727 3382 getrcffen
746 3310 820 3365 nach
838 3311 884 3374 VI,
904 3313 935 3364 21
958 3310 977 3363 f.
997 3313 1038 3365 87.

419 3397 489 3452 ltem
507 3399 596 3455 omnis
614 3397 843 3468 collegiatus
869 3401 1027 3468 assumptus
1046 3398 1091 3452 vcl
1116 3397 1296 3452 assumendus
1314 3396 1396 3451 debet
1415 3413 1472 3451 esse
1491 3411 1546 3449 an-

347 3485 454 3542 nolis.

417 3574 488 3628 Item
508 3573 597 3630 omnis
614 3572 778 3643 collegiatus
796 3573 879 3628 debet
896 3573 942 3628 hic
958 3573 987 3627 in
1009 3572 1190 3628 cniuersitate
1209 3575 1305 3629 nostra
1322 3589 1430 3628 moram
1448 3572 1478 3626 et
1496 3571 1544 3626 do-

350 3659 484 3716 micilium
502 3661 612 3716 habere.

414 3750 485 3804 Item
503 3747 576 3818 quod
593 3748 687 3802 nullus
705 3747 868 3818 collegiatus
887 3749 987 3803 exeat
1004 3747 1034 3801 in
1052 3747 1222 3812 mutatione,
1241 3765 1296 3818 qua
1314 3748 1406 3817 legere
1424 3765 1481 3803 non
1498 3749 1540 3802 te·

345 3837 434 3901 netur,
453 3836 506 3890 nisi
524 3836 553 3889 in
571 3853 654 3891 causa
672 3821 792 3907 propria,
813 3836 944 3906 principis
964 3840 1014 3891 aut
1034 3835 1233 3900 uniuersitatis,
1253 3836 1303 3890 sub
1323 3853 1395 3905 pena
1414 3839 1442 3890 et
1454 3836 1545 3890 forma

350 3923 539 3980 vidimaticnis
550 3925 577 3989 *,
604 3924 646 3978 ita
663 3924 737 3994 quod
755 3925 778 3978 si
796 3924 891 3993 aliqua
909 3924 953 3980 dic
970 3923 1078 3994 legibili
1096 3924 1197 3984 exiret.
1217 3924 1284 3978 dato
1302 3923 1376 3992 quod
1395 3941 1443 3993 per
1460 3922 1545 3976 istam

345 4013 529 4068 mutationem
550 4031 605 4069 non
623 4013 742 4084 legeret,
770 4013 837 4068 duos
856 4013 957 4070 solidos
977 4013 1083 4068 soluere
1102 4014 1213 4066 tenetur
1231 4027 1301 4080 pene
1319 4010 1446 4074 nomine,
1472 4027 1504 4064 ac
1522 4009 1543 4062 si

347 4100 400 4156 tali
417 4101 462 4155 die
479 4100 572 4170 legere
589 4104 734 4171 cogeretur
752 4104 781 4156 et
798 4119 853 4156 nou
870 4101 992 4171 legisset.

415 4189 486 4244 Item
504 4188 526 4242 si
545 4188 630 4242 etiam
649 4191 680 4243 in
698 4207 782 4244 causa
800 4189 913 4259 propria
931 4188 1005 4244 exire
1026 4189 1118 4252 vellet,
1139 4191 1220 4244 exeat
1238 4189 1289 4244 hoc
1307 4187 1396 4252 modo,
1415 4187 1489 4257 quod
1508 4185 1545 4241 ad

348 4275 437 4329 miuus
456 4277 493 4330 eit
510 4292 621 4346 presens
638 4278 667 4331 et
685 4277 870 4346 personaliter
888 4276 1008 4331 resideat
1026 4293 1075 4347 per
1093 4294 1198 4332 annum
1216 4295 1266 4348 per
1277 4277 1347 4332 duas
1361 4275 1460 4330 tertias
1477 4274 1546 4329 anni

352 4364 402 4417 sub
423 4363 575 4419 bonafide.

400 4470 485 4510 *wohl
505 4482 554 4510 sva.
582 4471 619 4511 bei
635 4471 712 4512 Strale
731 4473 773 4514 der
786 4474 932 4522 Entlesnung
945 4494 971 4501 -
990 4472 1030 4512 des
1051 4472 1151 4512 vidimus
1169 4471 1226 4512 oder
1244 4469 1386 4518 Isaufpcsses
1401 4489 1427 4498 -
1441 4467 1479 4508 for
1500 4467 1544 4508 den

348 4539 408 4596 Ball,
423 4539 476 4581 dass
490 4551 515 4582 er
529 4540 567 4582 dle
582 4541 708 4594 folgenden
724 4543 817 4584 Strafen
833 4544 898 4583 nicht
913 4542 1061 4584 cntrichtete.
