3462 5320
544 538 588 593 41.
606 538 738 594 Stetuten
756 538 784 592 d.
804 537 837 590 U.
855 555 910 593 von
930 540 1005 594 1537.
1313 541 1375 604 225

181 697 287 772 fuerit,
310 698 495 762 multabunt
517 702 549 762 et
572 698 750 762 aduersario
781 698 962 781 postulante
995 697 1117 761 eosdem
1139 697 1235 760 etiam
1258 698 1291 761 in
1314 721 1378 782 pae-

181 825 255 866 nom
277 802 382 867 dilatae
404 802 472 867 litis
486 803 752 880 condemnabunt,
776 803 838 866 nisi
862 804 960 866 iustus
983 801 1023 866 ob
1045 822 1155 866 cousus
1178 803 1378 887 prorogatio-

182 929 255 971 nem
277 908 448 992 praestituti
471 909 600 972 termini
633 909 673 973 ab
696 907 804 972 eodem
826 906 960 986 Rectore
981 910 1014 971 et
1035 905 1255 972 Assessoribus
1278 908 1378 992 impe-

182 1013 348 1078 trauerint.

268 1116 385 1184 Nullus
407 1119 564 1183 subiectus
587 1118 797 1184 iurisdictioni
813 1115 1039 1180 Vniuersitstis
1063 1115 1264 1183 Scholmtioae
1286 1118 1380 1184 huius

183 1245 277 1288 causa
306 1225 582 1308 controuersiaque
611 1230 682 1290 orte
713 1229 871 1308 tempore,
901 1244 964 1307 quo
986 1223 1161 1288 studiorum
1191 1224 1295 1310 gratia
1318 1224 1380 1289 huc

183 1330 298 1393 missus
321 1329 455 1409 affuerit,
479 1331 693 1395 aduersarium
712 1329 857 1396 extrahat
873 1328 948 1393 hino
970 1328 1016 1392 sd
1039 1328 1151 1392 aliud
1173 1329 1379 1408 inditium,

184 1434 238 1498 sed
261 1456 365 1498 eoram
388 1433 523 1500 Rectore
545 1436 728 1512 conueniat,
760 1434 822 1499 nisi
853 1454 915 1517 quo
937 1433 1041 1497 minus
1065 1432 1182 1498 faceret
1205 1456 1224 1497 n
1245 1433 1380 1499 Rectore

184 1537 413 1621 impetrauerit.
458 1537 520 1612 Qui
542 1540 636 1604 aliter
657 1539 767 1604 feeerit
789 1538 919 1622 punitor
936 1537 1068 1603 arbitrio
1084 1538 1228 1602 Rectoris
1250 1543 1283 1603 et
1298 1539 1381 1604 (lon-

184 1641 375 1706 siliariorum
399 1641 494 1707 illius.
546 1641 599 1707 Sic
618 1647 724 1707 tumen
748 1643 808 1707 hoo
829 1641 1062 1725 accipiendum,
1094 1664 1134 1706 ne
1156 1641 1207 1706 cui
1229 1647 1380 1727 negatum

176 1747 372 1812 'beneficium
400 1747 479 1811 iuris
510 1749 685 1812 eommunis
715 1752 747 1812 et
775 1746 918 1834 legitimo
945 1745 1085 1811 defensio
1115 1751 1222 1830 erepto
1245 1768 1310 1812 esse
1332 1749 1381 1813 ui-

185 1852 305 1916 deutur.

416 2028 463 2094 De
485 2028 637 2114 legitimis
659 2027 773 2092 debitis
792 2033 824 2092 et
847 2048 954 2092 eorum
977 2027 1141 2093 solutione.

272 2165 306 2232 si
322 2169 392 2251 quis
407 2169 584 2253 postulatus
601 2167 683 2251 apud
698 2165 864 2231 Rectorem
886 2165 1078 2250 legitimi
1101 2165 1175 2230 deb
1187 2164 1240 2229 iti
1262 2187 1383 2231 moram

188 2273 352 2338 solutionis
375 2274 503 2354 fecerit,
535 2275 600 2338 dies
631 2272 809 2358 quindecim
839 2271 1095 2356 praestitunntur‚
1127 2275 1213 2337 iutra
1235 2293 1312 2355 quos
1335 2270 1384 2335 illi

190 2378 240 2441 oui
261 2377 352 2442 debet
376 2380 452 2443 satis
475 2379 579 2444 leniat.
625 2377 659 2443 Si
683 2378 764 2442 diem
781 2378 865 2442 huno
886 2398 949 2440 non
966 2377 1089 2454 obierit,
1113 2379 1247 2442 multam
1269 2377 1384 2442 soluito

196 2484 402 2548 cruciatorum
426 2491 455 2549 4.
502 2485 584 2550 Tum
607 2484 659 2548 illi·
677 2505 802 2547 rursum
825 2482 1003 2567 quindecim
1029 2482 1149 2547 dierum
1172 2482 1311 2566 spacium
1334 2503 1384 2547 so·

194 2587 307 2652 lutioni
330 2590 543 2674 praefiniatur,
572 2589 686 2674 quibus
709 2589 855 2653 creditori
879 2593 934 2652 aut
956 2588 1005 2653 illi
1027 2589 1077 2653 cui
1099 2589 1190 2653 debet
1211 2589 1385 2654 satisfaciat

191 2693 241 2757 uel
264 2715 335 2758 eum
358 2694 422 2759 illis
444 2697 610 2781 transigat.
644 2694 689 2759 Ni
710 2695 828 2760 fuctum
844 2694 950 2772 fuerit,
976 2695 1010 2758 in
1027 2694 1200 2759 custodiam
1217 2695 1306 2760 detur
1330 2715 1384 2778 pe-

188 2802 276 2862 tente
298 2799 476 2865 aduersario
505 2806 560 2865 aut
591 2801 673 2866 bono
695 2802 780 2866 illius
802 2801 980 2864 uenduntur
1011 2800 1101 2864 iuste
1129 2801 1385 2865 consuetudinem

192 2903 301 2987 oppidi
323 2904 425 2983 boine,
450 2905 548 2990 deque
571 2906 704 2990 pecunia
726 2905 868 2970 confecta
890 2904 1032 2969 debitum
1055 2906 1257 2970 dissoluatur.

278 3008 538 3096 Legitimum
569 3012 755 3076 debitum
784 3011 843 3076 hoc
871 3011 996 3075 demum
1027 3011 1198 3090 habeatur,
1230 3010 1314 3094 quod
1343 3010 1384 3075 ob

193 3116 378 3180 necessarias
410 3139 518 3182 causes
551 3117 668 3181 factum
698 3119 753 3181 est.
800 3115 885 3180 Num
915 3137 986 3199 quae
1008 3115 1041 3179 in
1065 3115 1212 3180 conuiuia
1234 3114 1386 3179 immode-

189 3223 259 3283 rata
289 3219 322 3285 in
351 3222 512 3300 tabernis,
544 3227 644 3287 vestes
668 3225 867 3306 sumptuosas
897 3226 1022 3286 etcum
1045 3221 1228 3304 profusione
1250 3219 1385 3303 quadum

189 3325 223 3389 in
254 3327 412 3390 esculenta
442 3333 473 3392 et
503 3329 671 3412 poculenta
702 3326 751 3410 (ut
779 3329 908 3410 nocent)
939 3324 1189 3390 extraordinario
1221 3324 1305 3408 apud
1335 3344 1387 3388 eos

189 3431 245 3512 qui
268 3432 460 3496 conuictores
494 3432 602 3511 alunt,
624 3434 846 3511 insumuntur,
880 3431 1024 3517 legitima
1057 3431 1188 3515 posthac
1217 3451 1281 3494 non
1304 3429 1386 3494 iudi·

190 3535 355 3601 uehuntur.

302 3710 350 3776 De
372 3713 410 3796 ijs
433 3714 488 3797 qui
511 3713 685 3798 Imperium
706 3713 850 3780 Rectoris
871 3718 904 3779 et
925 3713 1059 3780 Senatus
1083 3715 1267 3779 detrectent.

278 3851 494 3932 torneator,
525 3855 641 3939 quique
663 3855 816 3942 Magister
838 3855 953 3934 fuerit,
977 3856 1004 3920 si
1031 3853 1239 3918 Vniuersiteti
1262 3852 1385 3916 schola-

190 3959 278 4023 stiuae
300 3981 411 4043 parere
434 3958 515 4023 nolit
537 3960 626 4042 sique
649 3961 791 4026 oratione
812 3962 930 4047 corrigi
953 3983 985 4025 se
1008 3983 1073 4024 non
1089 3959 1185 4025 fuerit
1206 3981 1326 4043 passus,
1350 3979 1388 4022 ex

191 4085 298 4127 eorum
321 4084 452 4128 numero
474 4087 543 4129 cum
569 4065 682 4149 quibus
704 4073 864 4145 censetur,
899 4068 931 4132 id
954 4071 1002 4132 est
1024 4065 1195 4130 Doctorum
1218 4064 1389 4150 Magistro·

191 4190 302 4232 rumue
323 4169 504 4234 excluditur.
551 4171 611 4247 Qui
634 4173 705 4236 illos
729 4195 766 4237 ex
788 4174 938 4239 studiosis
960 4173 1093 4238 honores
1118 4175 1301 4236 consecutus
1324 4191 1388 4234 non

191 4274 289 4338 fuerit
320 4279 351 4339 et
381 4273 608 4340 Vniuersitatis
640 4277 807 4361 imperium
838 4278 1003 4356 detrectet,
1034 4277 1068 4340 iu
1099 4277 1303 4359 improbitate
1334 4295 1392 4340 sue

191 4379 373 4462 persistens,
396 4381 474 4476 caetu
498 4381 707 4446 studiosorum
732 4383 905 4468 expellitur.
953 4382 989 4446 Id
1005 4381 1059 4446 ubi
1076 4383 1195 4446 factum
1210 4382 1282 4459 erit,
1305 4379 1389 4446 iudi-

193 4489 281 4549 cator
297 4485 502 4571 Magistratui
524 4487 690 4571 oppidano.
736 4489 769 4554 Si
792 4489 824 4552 in
847 4489 984 4574 gratiam
1007 4509 1079 4552 oum
1101 4486 1318 4552 Vniuersitute
1340 4510 1390 4552 re-

192 4589 294 4669 dierit,
318 4591 406 4674 sique
429 4613 555 4676 paeuam
577 4594 792 4658 commeritum
817 4593 945 4673 dederit,
971 4595 1004 4658 iu
1029 4594 1288 4659 communitatem
1312 4617 1390 4679 quo·

252 4711 381 4753 ufkunnan
396 4714 437 4754 uu
451 4714 479 4755 n.
492 4713 622 4764 doningen.
1153 4700 1184 4754 15
