3504 5322
384 467 447 530 372
843 459 973 514 facultas
992 460 1111 514 Artium.

383 623 497 699 visitet,
520 622 559 686 ad
581 620 764 684 mandatum
789 618 889 702 ipsius
912 618 1081 703 diligenter
1096 617 1267 702 Magistros
1291 624 1450 698 conuocat,
1475 621 1576 685 scolas

383 729 507 812 purget,
539 722 756 790 intimaciones
785 722 946 787 facultatis
977 722 1094 786 artium
1124 722 1316 802 conscribat,
1350 725 1511 790 vacancias
1546 730 1581 790 et

382 832 462 896 festa
484 830 608 916 collegii
631 829 774 907 intimet,
808 828 842 892 in
865 828 1082 914 disputacione
1104 827 1264 893 ordinaria
1286 851 1305 893 a
1326 830 1483 915 principio
1506 853 1581 915 pro·

385 937 555 1022 posicionis
577 935 779 1020 questionum
801 933 836 999 in
851 934 947 998 finem
970 954 1066 1017 vsque
1081 936 1273 1016 permaneat,
1297 934 1330 997 in
1353 934 1475 1000 actibus
1499 936 1579 1020 pub-

382 1042 451 1107 licis
473 1040 643 1127 Magistros
666 1040 771 1106 debito
794 1038 903 1104 ordine
927 1039 1027 1116 locet,
1056 1043 1088 1103 et
1111 1039 1173 1103 alia
1195 1060 1252 1122 per
1273 1039 1424 1103 decanum
1446 1041 1507 1106 sibi
1530 1042 1580 1105 in·

383 1148 490 1212 iuncta
519 1146 623 1210 faciat.
677 1145 824 1211 Preterea
854 1145 994 1230 pedellns
1024 1142 1064 1208 ab
1093 1143 1153 1209 hoc
1174 1143 1267 1228 opido
1297 1167 1353 1228 per
1377 1167 1475 1210 vnum
1497 1147 1579 1210 diem

384 1256 438 1317 aut
460 1255 585 1318 noctem
606 1251 675 1316 sine
698 1251 826 1336 speciali
858 1250 989 1315 licencia
1012 1250 1120 1314 decani
1154 1254 1186 1314 et
1208 1271 1353 1334 expressa
1375 1272 1409 1315 se
1431 1273 1492 1315 non
1518 1253 1572 1317 ab·

386 1359 496 1422 sentet.
541 1355 691 1442 Quodque
714 1357 748 1420 in
773 1337 987 1441 disputacione
1016 1355 1175 1420 ordinaria
1197 1355 1407 1438 cuiuscunque
1429 1356 1577 1442 Magistri

382 1464 430 1527 vel
453 1461 652 1527 Baccalaurei
675 1461 861 1544 precedente
891 1461 940 1525 vel
964 1459 1079 1525 saltem
1101 1460 1208 1525 eadem
1230 1459 1280 1523 die
1301 1464 1483 1543 sequentem
1506 1461 1577 1526 Ma·

381 1567 517 1654 gistrum
548 1566 597 1632 vel
619 1565 881 1643 Baccalaureum,
914 1587 1005 1650 quem
1041 1565 1118 1631 ordo
1141 1564 1323 1649 disputandi
1351 1567 1513 1651 tetigerit,
1545 1571 1580 1632 vt

382 1672 524 1758 proxime
545 1670 707 1755 disputare
728 1671 856 1750 debeat,
881 1670 998 1749 suiset,
1029 1675 1061 1735 et
1083 1671 1111 1736 si
1133 1670 1223 1747 talis,
1257 1692 1350 1753 quern
1372 1670 1447 1737 ordo
1470 1673 1579 1758 dispu-

383 1777 474 1842 tandi
496 1776 654 1862 tetigerit,
684 1797 811 1861 presens
839 1797 904 1841 non
927 1780 1009 1840 esset
1031 1776 1080 1840 vel
1103 1775 1262 1860 disputare
1286 1797 1468 1862 quacunque
1490 1799 1579 1842 oeca-

383 1883 471 1947 sione
502 1885 680 1959 recusaret,
711 1885 827 1947 extunc
848 1882 957 1945 statim
986 1880 1126 1965 pedellus
1157 1882 1309 1946 decanum
1338 1903 1487 1966 supereo
1509 1884 1579 1948 aui-

383 2010 451 2054 sare
473 1991 568 2052 curet

473 2097 543 2158 100.
567 2091 650 2157 Item
666 2092 748 2176 quod
762 2094 837 2154 rota
851 2095 908 2154 aut
922 2091 985 2155 alia
1000 2091 1125 2156 consilii
1146 2091 1307 2157 facultatis
1329 2097 1456 2169 secreta,
1481 2093 1578 2158 eciam

386 2220 569 2283 quecunque
593 2197 627 2260 in
649 2196 767 2261 cedulis
790 2196 1053 2262 conuocacionum
1069 2201 1217 2262 contenta
1233 2202 1288 2263 aut
1310 2199 1389 2262 alias
1410 2199 1576 2264 casualiter

384 2302 491 2367 audita
504 2301 571 2366 siue
586 2301 713 2385 speciali
734 2302 883 2367 mandato
899 2325 960 2368 non
979 2304 1105 2368 reuelet.
1145 2303 1175 2368 Α
1189 2305 1346 2388 principio
1361 2304 1459 2369 eciam
1475 2305 1575 2369 cuius·

382 2407 460 2472 libet
489 2407 656 2471 decanatus
689 2409 776 2490 petat
808 2406 849 2490 (si
872 2406 961 2493 velit)
992 2407 1183 2472 afacultate
1212 2409 1246 2473 in
1270 2409 1374 2473 officio
1397 2431 1453 2474 suo
1476 2409 1573 2474 conti-

383 2513 484 2578 nuari.
523 2512 669 2596 Denique
684 2512 804 2577 iurabit
819 2533 924 2578 coram
939 2516 1007 2577 tota
1022 2511 1173 2578 facultate
1185 2515 1219 2577 in
1231 2535 1343 2578 manus
1359 2514 1477 2592 decani,
1494 2513 1576 2598 quod

383 2618 521 2683 officium
545 2639 637 2682 suum
652 2617 790 2682 fideliter
812 2621 843 2681 et
859 2618 975 2700 absque
991 2619 1062 2684 dolo
1078 2624 1110 2684 et
1125 2619 1233 2684 fraude
1249 2619 1359 2703 exequi
1374 2621 1460 2698 velit,
1483 2625 1578 2705 prout

383 2723 444 2788 sibi
466 2746 485 2788 a
506 2723 621 2787 decano
643 2729 675 2787 et
697 2723 846 2788 facultate
868 2723 1047 2809 iniungitur
1064 2724 1084 2787 ¹.

383 2943 403 3001 4
426 2938 492 3016 sol,
515 2938 565 3002 sin
594 2941 698 3002 autem
728 2937 761 3001 in
785 2957 974 3022 pergameno
1006 2935 1121 3000 habere
1144 2937 1267 3020 cupiat,
1301 2937 1431 3021 duplum
1454 2936 1569 3000 horum

383 3044 495 3108 soluat.
520 3043 598 3129 [vgl.
622 3041 716 3108 Liber
739 3042 802 3107 dec.
825 3041 848 3106 f.
874 3042 939 3124 39].

470 3147 556 3213 Talis
585 3149 681 3212 etiam
710 3169 806 3212 vnum
838 3147 973 3212 solidum
1005 3147 1109 3212 soluat
1137 3168 1194 3230 pro
1222 3147 1336 3212 decano
1359 3151 1392 3211 et
1413 3147 1477 3211 suis
1498 3169 1572 3210 con·

383 3254 510 3318 siliariis
532 3253 794 3318 distribuendum.

469 3358 549 3424 ltem
571 3359 658 3423 nulle
679 3359 786 3423 littere
808 3358 1034 3423 testimoniales
1053 3359 1235 3444 sigillentur
1256 3357 1318 3421 nisi
1341 3379 1449 3422 ornnes
1472 3359 1575 3442 magi·
1606 3437 1611 3447 Ι

383 3466 441 3529 stri
464 3467 501 3529 de
523 3465 653 3529 consilio
676 3464 735 3528 fac.
760 3465 794 3528 in
816 3463 875 3528 hoc
897 3465 1122 3529 consenserint.

475 3567 486 3606 ¹
508 3569 545 3634 B.
568 3576 661 3631 lautet
679 3595 733 3633 von
752 3576 812 3632 hier
830 3594 868 3631 an
886 3575 929 3630 bis
948 3595 982 3629 zu
1000 3577 1093 3634 Ende:

469 3673 551 3740 Item
573 3676 713 3760 pedellus
736 3677 800 3740 suis
823 3676 966 3759 expensis
987 3674 1183 3759 temporibus
1210 3675 1444 3758 promotionum
1468 3674 1574 3738 euthe-

383 3783 471 3847 dram
493 3786 525 3846 et
547 3782 650 3846 aulam
672 3803 786 3846 ornare
809 3785 840 3844 et
863 3780 1028 3864 disponere
1050 3780 1160 3856 debet,
1184 3783 1278 3862 prout
1300 3780 1339 3844 ad
1362 3780 1428 3843 eins
1450 3783 1573 3862 spectat

335 3975 339 3982 ι
381 3888 537 3968 officium,
568 3887 709 3971 alioquin
732 3887 865 3952 decanus
898 3887 1064 3972 pecuniam
1089 3885 1210 3970 pedello
1233 3885 1399 3951 cedendam
1423 3888 1578 3950 arrestarc

381 3992 486 4070 habet,

468 4097 602 4182 Insuper
624 4096 763 4181 pedellns
786 4098 955 4183 magistros
978 4099 1012 4162 in
1037 4096 1176 4182 prandijs
1201 4099 1302 4162 locare
1324 4095 1434 4174 debet,
1466 4118 1502 4160 eo
1524 4119 1576 4160 or·

382 4205 463 4282 dine,
487 4227 580 4288 quem
602 4204 650 4268 illi
672 4205 750 4269 alias
773 4205 857 4270 inter
880 4227 913 4269 se
935 4205 1064 4283 habent,
1087 4208 1119 4267 et
1134 4203 1224 4268 illum
1240 4207 1344 4288 preter
1360 4201 1468 4266 decani
1491 4223 1577 4265 corn-

380 4310 476 4374 missa
497 4315 554 4375 aut
574 4311 673 4375 ricem
696 4309 835 4396 gerentis
858 4331 921 4373 non
945 4313 1077 4386 mutare,

466 4413 549 4480 Item
572 4416 696 4500 pedello
720 4437 777 4500 pro
800 4415 849 4479 sui
872 4413 968 4498 officij
993 4415 1231 4479 continuatione
1252 4412 1393 4497 petenti,
1425 4410 1576 4474 similiter

382 4527 414 4587 et
434 4522 553 4588 famulo
575 4542 649 4600 suo,
673 4544 728 4607 per
751 4541 929 4605 expressum
955 4520 986 4585 in
1011 4521 1137 4585 modurn
1162 4518 1345 4583 auisutionis
1368 4517 1510 4593 dicatur,
1542 4519 1578 4578 vt
