3460 5314
764 431 896 486 Fscrrltes
914 429 1081 500 theologica.

898 729 961 802 IV.

769 921 939 1016 [Statute
971 921 1097 1014 1538.]

418 1114 452 1181 Si
481 1137 576 1199 quam
599 1114 742 1178 omnium
764 1112 997 1197 professionum
1020 1112 1097 1178 ordo
1120 1111 1224 1189 decet,
1254 1109 1537 1199 Theologism

322 1219 469 1304 inprimis
491 1219 594 1286 huius
617 1218 838 1284 obseruatione
860 1217 999 1282 decorari
1021 1216 1284 1294 existimandum,
1309 1241 1388 1302 quae,
1413 1221 1536 1302 quanto

323 1326 425 1390 msior
453 1323 540 1389 illius
556 1329 612 1388 et
619 1323 806 1407 prestantis,
829 1326 920 1387 tento
936 1321 1111 1387 accuratius
1127 1321 1188 1386 coli
1203 1321 1304 1386 debet.
1350 1321 1423 1387 Hiis
1447 1323 1532 1387 enirn

323 1431 445 1496 artibus
472 1432 661 1494 ornaments
682 1429 849 1493 hominum
872 1427 1075 1512 opinionibus
1103 1427 1291 1512 plerumque
1314 1427 1534 1492 concilientur.

324 1535 401 1600 Haec
423 1539 528 1600 sutem
574 1536 642 1600 sols
664 1535 808 1600 veritatis
829 1534 952 1600 rstione
974 1533 1155 1598 continetur
1183 1537 1215 1597 et
1245 1534 1492 1611 commendetur,
1516 1555 1537 1598 s
1639 1614 1645 1626 Ι

284 1689 287 1694 ,
324 1663 387 1724 qus
412 1638 439 1704 si
461 1639 581 1704 ordinis
605 1639 694 1723 qussi
718 1639 915 1705 concinnitas
938 1638 1031 1714 absit,
1054 1637 1258 1702 menifestum
1278 1642 1326 1702 est
1347 1638 1437 1703 illum
1459 1660 1535 1703 con·

326 1744 437 1809 sistere
452 1766 514 1808 non
535 1765 636 1829 posse.
683 1744 743 1820 Qui
759 1745 884 1828 quidem
901 1744 1012 1808 modus
1027 1743 1163 1808 monime
1178 1743 1368 1808 conueniens
1384 1747 1416 1807 et
1429 1747 1535 1808 rectus

322 1847 384 1912 hoc
405 1851 547 1932 tempore
579 1847 739 1913 videretur
759 1847 889 1912 futurus
904 1863 989 1924 csse,
1004 1868 1076 1911 eum
1091 1847 1229 1911 breviter
1244 1848 1353 1931 paucis
1376 1846 1535 1932 capitibus

324 1953 556 2037 descripsimus.
608 1951 716 2036 Atque
755 1954 782 2020 is
817 1953 851 2018 in
883 1952 941 2018 hec
969 1951 1162 2039 professione
1196 1956 1229 2017 vt
1251 1954 1472 2036 comprobatus
1494 1953 1535 2018 ab

325 2057 531 2123 vniuersitste
561 2057 629 2140 ipss
661 2057 865 2134 scholastice,
896 2059 1010 2124 merito
1033 2058 1137 2122 velere
1159 2058 1382 2142 obseruarique
1404 2058 1445 2124 sb
1466 2080 1536 2123 om·

266 2223 267 2226 ,
325 2162 419 2227 nibus
435 2162 617 2248 Theologiae
645 2163 794 2228 studiosis
817 2167 911 2247 atque
926 2163 1156 2248 professoribus
1181 2163 1316 2241 debebit,
1341 2187 1404 2248 quo
1426 2164 1536 2230 omnis

324 2265 471 2332 decenter
500 2271 532 2332 et
561 2268 684 2352 placide
705 2272 866 2354 gerentur.
913 2267 957 2332 Et
979 2268 1019 2332 sd
1041 2267 1167 2332 leudem
1190 2267 1329 2351 primum
1352 2266 1446 2346 DEI,
1480 2267 1535 2332 de·

326 2371 400 2436 iude
431 2371 528 2436 etium
550 2393 641 2437 vsum
673 2373 843 2438 salutarem
874 2373 1040 2438 hominum
1060 2372 1315 2450 constituantur,
1348 2394 1410 2456 quo
1432 2393 1536 2457 neque

324 2473 392 2540 Deo
418 2476 589 2561 quicquum
611 2477 735 2563 gratius
757 2499 860 2562 neque
882 2476 1083 2542 uniuersituti
1105 2479 1223 2542 nostrae
1245 2475 1438 2543 scholasticus
1463 2476 1535 2563 glo·

324 2580 438 2646 riosius
460 2581 530 2646 fieri
555 2582 665 2666 possit.

797 2754 853 2822 De
875 2755 1054 2822 Decano.

414 2892 557 2960 Primum
581 2894 725 2960 omnium
748 2897 881 2980 preponi
904 2918 1002 2960 vnum
1024 2896 1162 2979 aliquem
1188 2893 1263 2961 huic
1285 2917 1378 2961 curse
1400 2899 1537 2980 oportet,

327 3005 362 3064 vt
385 3003 469 3064 recte
491 3002 524 3064 et
547 2999 655 3064 ordine
671 3001 843 3064 seeundum
860 3001 1035 3085 expositam
1050 3001 1329 3085 praescriptionem
1351 3001 1459 3065 omnis
1481 3021 1538 3084 ge·

327 3109 448 3184 rentur,
480 3105 535 3188 qui
558 3104 684 3188 quidem
708 3103 898 3170 Decsnus
920 3110 955 3169 vt
979 3105 1130 3170 hactenus
1153 3111 1289 3171 vocetur.
1335 3105 1418 3169 Eum
1433 3103 1538 3168 Theo-

328 3208 432 3293 logise
454 3209 656 3292 professores,
681 3211 736 3294 qui
756 3211 938 3295 reipublicae
953 3210 1152 3297 Theologicae
1172 3211 1377 3296 professionis
1392 3214 1537 3295 presunt,

328 3333 364 3377 eo
387 3313 446 3390 die,
471 3337 533 3398 quo
557 3313 673 3380 Rector
698 3317 796 3380 studii
819 3317 916 3382 huius
940 3317 1068 3402 legitur,
1092 3316 1235 3402 legunto.
1264 3331 1268 3340 ·

738 3489 977 3556 Sacramentum
1001 3490 1129 3556 Decani.
1172 3503 1175 3509 ’

419 3623 510 3691 Velle
531 3647 566 3691 se
589 3627 676 3692 omni
699 3649 774 3693 curs
801 3629 969 3715 diligentis
992 3635 1023 3694 et
1045 3629 1107 3694 fide
1129 3630 1222 3714 fungi
1247 3629 1351 3695 officio
1374 3651 1453 3708 suo,
1477 3629 1539 3694 irn-

328 3729 442 3815 primis
464 3731 617 3816 pietatem
640 3733 758 3810 colere,
791 3734 861 3817 paci
883 3738 916 3799 et
937 3735 1002 3800 otio
1027 3734 1207 3818 reipublicae
1229 3735 1371 3814 studere,
1404 3734 1540 3799 nimini-

331 3835 518 3900 stratiouem
539 3835 760 3901 scholasticum
776 3837 980 3920 professionis
996 3859 1072 3903 suae
1087 3838 1204 3916 sedulo,
1228 3843 1381 3916 accurate,
1404 3804 1541 3903 fideiiter

328 3961 430 4026 egere.

654 4116 774 4184 Decani
796 4118 961 4204 prouincia
983 4140 1037 4182 seu
1060 4115 1209 4182 officium.

419 4255 462 4322 Vt
493 4278 600 4323 sscrse
628 4259 739 4324 literae
761 4283 834 4326 vere
865 4265 897 4325 et
918 4260 1056 4346 genuine
1079 4260 1260 4339 doceantur,
1284 4259 1409 4324 nullum
1431 4280 1539 4324 erro·

329 4382 411 4427 rem
442 4383 483 4426 uc
506 4365 774 4446 prauitutem
797 4366 1021 4431 doctrinae
1043 4365 1167 4443 fouere,
1192 4363 1367 4443 defendere,
1391 4365 1540 4430 inuehere

331 4465 419 4531 velle.
465 4466 718 4552 Disputationes,
741 4471 899 4536 orationes
923 4470 1057 4556 singulis
1080 4491 1137 4536 suo
1160 4491 1284 4556 quoque
1306 4474 1451 4555 tempore
1474 4470 1540 4536 dis·
