3442 5314
451 493 476 546 4.
503 489 659 560 Ptpstlicha
677 487 758 542 Bulla
775 504 840 542 vom
861 488 902 542 13.
923 485 995 542 Nor.
1015 485 1090 541 1476.
1325 487 1364 551 13

163 653 270 738 aliqua
283 653 472 719 uniuersitas
489 650 586 716 studii
603 647 769 735 generalis,
797 647 970 732 erigeretur
985 667 1047 708 111
1062 643 1250 708 uniuersitas
1266 643 1365 727 ipsius

164 759 261 824 studii
285 757 442 844 generalis
466 756 691 837 cuiuscumque
710 752 871 818 facultatis
891 755 925 816 ¹et
946 751 1087 828 sciencie,
1111 749 1272 833 eidemque
1295 751 1365 814 vni·

153 863 308 927 'narsitati
331 863 376 928 sic
398 860 601 946 postmodum
624 861 725 924 erecte
740 880 799 942 pro
814 857 947 921 faciliori
974 856 1213 940 supportatione
1235 877 1365 920 onerum

164 971 197 1032 11
218 989 429 1053 expensarum
452 966 589 1030 eiusdem
613 963 780 1048 presertim
804 962 987 1026 salariorum
1014 961 1149 1038 illorum,
1175 960 1227 1044 qui
1252 957 1365 1024 Cathe-

164 1073 236 1138 dras
258 1095 317 1157 pro
339 1077 481 1156 tempore
504 1069 586 1133 inibi
608 1072 728 1154 regent,
753 1067 784 1133 S.
801 1066 959 1132 Johannis
981 1065 1127 1150 Baptista
1149 1067 1182 1130 in
1206 1064 1365 1129 Bracken-

163 1177 239 1243 hein
262 1183 294 1244 ct
316 1177 369 1243 SS.
393 1175 536 1260 Philippi
559 1179 592 1238 11
614 1173 725 1238 Jacobi
748 1174 782 1236 in
803 1172 927 1237 Stetten
950 1193 986 1235 ac
1009 1172 1041 1234 in
1057 1170 1141 1234 Asch
1165 1191 1307 1235 necnon
1331 1171 1365 1233 in

163 1284 349 1369 Riugiugen
372 1281 459 1345 etin
483 1279 638 1364 biningen,
662 1277 907 1342 Wormaciensis
931 1281 963 1342 et
986 1277 1125 1360 predicte
1141 1275 1365 1340 Constancieu·

164 1389 207 1454 sis
230 1388 360 1454 diocesis
384 1385 578 1471 parochiales
606 1383 750 1461 ecclesie,
783 1405 843 1466 que
870 1383 908 1446 de
934 1381 1001 1445 iure
1027 1384 1212 1464 patronatus
1234 1381 1365 1446 Comitis

164 1493 202 1558 de
220 1493 458 1577 Werttemberg
478 1511 537 1575 pro
560 1492 703 1572 tempore
725 1487 890 1552 existentis
912 1487 980 1551 fore
1002 1490 1183 1564 noscuntur,
1208 1493 1367 1554 reseruata

165 1619 304 1682 congrua
327 1597 472 1681 portione
494 1617 552 1679 pro
575 1594 736 1679 perpetuis
759 1593 902 1671 11111111,
935 1593 974 1657 ad
996 1593 1263 1676 presentaoiouem
1286 1594 1367 1658 dicte

167 1703 382 1768 uniuersitatis
406 1701 620 1777 instituendis,
644 1702 796 1784 perpetuo
812 1700 979 1764 unirentur
1000 1701 1242 1762 annecterentur
1264 1704 1295 1762 11
1317 1699 1367 1762 in·

169 1811 385 1892 corporentur,
410 1828 445 1871 ac
467 1805 502 1869 in
526 1805 656 1870 ecclesia
677 1803 708 1868 S.
733 1803 866 1868 Martini
889 1806 920 1868 11
944 1803 1158 1889 Sindelfingeu
1182 1804 1263 1868 dicte
1287 1803 1368 1868 Con-

172 1912 357 1976 stanciensir
380 1911 521 1988 diocesis,
546 1932 641 1993 quam
664 1930 765 1994 nuper
787 1911 821 1972 in
845 1909 1054 1994 collegiatam,
1088 1931 1124 1973 ac
1145 1908 1231 1972 illius
1254 1931 1367 1994 prepo-

171 2017 302 2080 situram
328 2016 516 2102 dignitatem
539 2016 620 2079 inibi
643 2015 850 2100 principalem
874 2018 998 2079 111111
1021 2015 1222 2080 canonicatus
1237 2017 1268 2077 et
1291 2014 1367 2078 1111-

167 2121 238 2186 dem
273 2121 447 2206 prebeudas
480 2121 518 2184 ad
543 2120 755 2205 parochialem
777 2119 807 2185 S.
833 2119 962 2204 Georgii
985 2118 1060 2182 dicti
1085 2119 1172 2202 opidi
1194 2118 1369 2204 Tuwiugen

167 2225 344 2303 transferri,
366 2230 399 2290 et
420 2225 451 2290 S.
476 2225 606 2312 Georgii
627 2227 661 2290 in
684 2225 885 2310 collegiatam
914 2246 985 2288 cum
1009 2224 1093 2288 dicta
1114 2225 1313 2309 prepositura
1335 2227 1367 2290 11

167 2335 239 2395 octo
261 2330 497 2395 canonicatibus
530 2337 562 2396 et
585 2332 717 2396 totidem
747 2330 936 2414 prebendis,
966 2327 997 2394 S.
1022 2329 1154 2393 Martini
1177 2352 1249 2394 1111
1272 2331 1368 2394 11111-
1391 2315 1393 2320 ’

167 2438 247 2502 siam
271 2437 445 2522 predictam
467 2439 501 2500 in
525 2437 755 2502 Monasterium
782 2437 902 2501 ordinis
924 2435 955 2501 S.
979 2434 1153 2520 Augustini
1175 2435 1255 2520 erigi
1278 2457 1368 2499 man·

168 2543 329 2621 dauimus,
360 2543 421 2606 duo
444 2541 654 2607 Canonicatus
687 2546 719 2607 et
740 2543 872 2608 totidem
906 2541 1062 2626 prebende
1085 2544 1251 2623 postquam
1274 2541 1368 2604 erecti

167 2647 290 2714 fuerint
312 2648 585 2732 supprimerentur
601 2653 632 2713 et
647 2649 918 2733 extinguerentur,
942 2645 1131 2728 illarumque
1152 2643 1274 2708 fructus
1296 2647 1367 2710 red-

167 2753 250 2817 ditus
273 2755 305 2816 11
327 2757 499 2836 prouentus
522 2775 580 2837 pro
602 2753 674 2817 dote
699 2758 838 2837 quatuor
858 2753 941 2819 inibi
963 2752 1096 2816 aliorum
1118 2749 1367 2815 canonicatuum

166 2861 199 2922 et
219 2857 352 2921 totidem
383 2859 613 2941 prebendarum
636 2858 673 2924 de
695 2880 779 2923 nouo
803 2859 1022 2944 erigendarum
1052 2857 1140 2939 equis
1163 2855 1366 2938 porcionibus

165 2963 402 3045 applicarentur
417 2965 449 3025 et
464 2963 711 3049 assignarentur,
735 2985 771 3028 ac
787 2986 842 3048 per
858 2985 915 3028 nos
938 2966 1129 3027 statueretur
1151 2964 1183 3024 et
1206 2960 1366 3025 ordinare·

166 3071 227 3144 tur,
252 3068 335 3152 quod
357 3069 395 3132 ad
417 3067 599 3151 huiusmodi
623 3070 728 3134 decem
750 3069 956 3133 canonicatus
983 3072 1015 3132 et
1036 3067 1171 3131 totidem
1193 3065 1367 3149 prebendas

167 3174 222 3254 qui
246 3173 284 3237 de
306 3172 389 3238 dicto
413 3174 481 3238 iure
503 3177 690 3259 patronatus
711 3175 862 3251 1111111111,
887 3195 957 3237 cum
974 3172 1077 3257 prima
1091 3171 1161 3234 uice
1183 3192 1235 3234 eos
1258 3192 1368 3234 vacare

170 3278 342 3362 contigerit
364 3282 396 3342 et
426 3279 537 3344 deiude
558 3279 720 3364 perpetuis
750 3278 868 3343 futuris
891 3276 1086 3360 temporibus
1112 3275 1286 3339 snccessiue
1309 3275 1370 3338 viri

169 3381 370 3446 ecclesiastici
399 3383 438 3446 ad
468 3385 620 3469 regendas
651 3384 755 3448 decern
786 3383 949 3447 cathedras
976 3383 1010 3445 in
1033 3383 1141 3446 eadem
1162 3380 1369 3444 uniuersitate

166 3483 269 3549 Stadii
291 3488 433 3571 erigendi
456 3489 570 3573 ydonei
593 3493 626 3554 11
647 3490 740 3566 docti,
764 3488 911 3552 uidelicet
934 3490 1069 3571 quatuor
1092 3485 1239 3570 magistri
1261 3484 1295 3548 in
1317 3507 1368 3547 ar-

166 3589 270 3668 tibus,
303 3592 418 3674 quibus
443 3592 525 3656 dicte
549 3600 687 3678 quatuor
709 3596 747 3659 de
769 3615 852 3658 nouo
875 3594 1023 3679 erigende
1046 3591 1204 3677 prebende
1226 3591 1368 3675 assigna-

165 3699 275 3758 rentur
298 3701 329 3760 et
352 3696 385 3759 in
407 3697 523 3762 eisdem
546 3700 668 3764 artibus
691 3700 833 3784 legerent
856 3703 887 3763 ot
910 3702 1066 3784 regerent,
1089 3719 1146 3782 per
1169 3697 1288 3761 dictum
1310 3695 1369 3759 Co-

166 3799 275 3864 mitem
298 3822 353 3866 seu
374 3803 521 3868 dilectam
554 3808 587 3868 in
610 3805 738 3872 Christo
771 3805 870 3868 filiam
894 3803 1097 3868 Mechtildem
1120 3801 1206 3865 illius
1235 3801 1369 3886 genitri-

167 3925 242 3984 cem,
266 3906 305 3969 ad
328 3928 423 3990 quarn
445 3911 572 3974 racione
595 3910 677 3975 dotis
710 3931 766 3974 sue
788 3910 1055 3994 inpreseuciarum
1080 3908 1276 3992 presentacio
1298 3927 1370 3991 per-

167 4031 314 4074 sonarum
337 4011 543 4095 ydonearum,
568 4016 606 4079 ad
629 4016 832 4079 canonicatus
856 4019 888 4078 et
911 4012 1084 4099 prebendas
1108 4010 1274 4095 predictos,
1300 4031 1370 4074 curn

167 4133 224 4196 pro
245 4118 386 4199 tempore
409 4123 523 4184 vacant
546 4125 583 4186 ut
606 4121 758 4186 asseritur
779 4121 928 4204 pertinet,
952 4123 1107 4184 eteorum
1122 4137 1313 4181 successores
1336 4115 1371 4179 in

168 4284 212 4342 die
228 4286 330 4343 andere
349 4307 474 4360 gewesen
492 4291 539 4357 sei,
558 4293 697 4348 1111111111
716 4293 760 4348 bei
773 4293 822 4348 111
832 4291 1007 4362 Diirftiglreit
1021 4291 1070 4346 der
1079 4288 1269 4344 Nachrichten
1288 4289 1367 4344 nicht

168 4372 254 4428 sicher
272 4378 415 4445 augebam
436 4377 579 4434 1111111111
597 4380 627 4434 in
645 4380 794 4452 Tdbingen
813 4381 907 4435 selbst.
944 4378 1099 4433 DerNotar
1117 4376 1225 4447 Gregor
1238 4377 1303 4439 Mai,
1322 4377 1371 4429 der

168 4457 211 4513 die
229 4461 311 4530 obige
329 4461 461 4518 Urtundc
478 4465 654 4535 bcglaubigt,
673 4466 757 4521 istiu
777 4465 826 4521 der
844 4465 978 4520 Mutrilrel
1000 4463 1125 4534 augleich
1145 4465 1187 4518 als
1206 4467 1296 4519 rector
1315 4479 1371 4518 sco·

168 4545 258 4602 larum
276 4551 489 4618 particularium
508 4551 537 4605 11
556 4552 711 4621 Tuwingen
729 4552 897 4607 bezeichnet.
