3442 5314
326 451 368 515 60
674 447 698 502 8.
726 445 859 502 Statuten
877 461 942 500 vom
959 445 983 498 9.
1003 443 1067 500 Okt.
1088 444 1164 499 1477.

324 606 506 672 intitulatus
529 628 586 691 per
607 605 774 670 Rectorem
796 603 935 686 aliquem
957 602 1177 668 succedentem
1208 605 1348 690 amplius
1372 625 1437 669 non
1460 623 1528 666 mo·

324 715 445 792 neatrrr,
469 711 519 776 vel
542 708 750 796 promotionis
773 712 916 791 tempore
938 729 996 791 pro
1018 707 1145 772 residuo
1173 710 1363 794 requiratur.

413 814 495 880 Item
517 815 633 882 Rector
655 815 689 879 in
714 813 906 879 intitulando
928 817 1068 897 apponat
1094 810 1264 880 cuiuslibet
1287 813 1445 880 intitulati
1468 833 1529 877 co-

324 941 501 1005 gnomen
524 924 565 984 et
587 920 694 984 diem
717 922 749 984 et
771 919 803 981 in
820 919 883 983 fine
905 921 1047 984 texam
1070 922 1226 1002 quantum
1249 920 1335 986 dedit
1357 918 1398 984 ad
1418 918 1530 982 fiscum

324 1024 556 1103 uniuersitatis,
587 1025 637 1090 rel
667 1045 793 1089 carmem
815 1027 946 1109 proptor
974 1044 1070 1106 quam
1101 1021 1170 1086 sine
1195 1023 1352 1090 solutione
1382 1025 1454 1088 taxe
1486 1021 1530 1084 sit

325 1129 508 1194 intitulatus
530 1129 716 1214 Quicunque
738 1128 823 1195 euim
846 1131 954 1192 toxam
985 1127 1156 1192 secundnm
1180 1130 1300 1192 statuta
1323 1149 1386 1192 non
1410 1125 1531 1192 dederit

329 1234 463 1318 penuria
479 1235 527 1300 vel
544 1237 731 1319 paupertate
754 1236 914 1318 grauatus,
938 1231 965 1298 si
987 1231 1022 1296 in
1044 1231 1251 1298 uniuersitate
1273 1231 1530 1316 perseuerauerit,

330 1338 404 1404 dare
419 1342 555 1417 tenetur,
579 1338 705 1422 quando
721 1339 761 1404 ad
776 1337 939 1402 meliorem
961 1341 1079 1402 statum
1102 1338 1284 1423 peruenerit
1299 1336 1528 1422 temporalibus

326 1443 455 1520 ditatus,
472 1465 529 1528 pro
546 1445 629 1510 bono
640 1443 856 1510 rainersitatis
872 1440 1095 1520 conseruando,
1119 1444 1203 1526 quod
1220 1464 1387 1528 procurare
1403 1440 1529 1508 iurauit.

413 1547 494 1612 Item
526 1548 610 1633 quod
633 1549 750 1614 Rector
772 1569 836 1612 non
864 1547 983 1612 scribat
1011 1547 1149 1630 aliquem
1172 1550 1231 1614 sub
1253 1548 1380 1614 rubrica
1401 1545 1531 1612 alterius

334 1651 475 1718 Rectoris
497 1651 562 1718 Sub
585 1654 694 1719 debitu
716 1653 843 1738 prestiti
866 1652 1045 1717 iuramenti.

416 1757 498 1823 Item
522 1759 782 1824 renuncians
814 1759 929 1823 seriose
958 1758 1137 1822 iuramento
1166 1755 1294 1822 Rectori
1317 1755 1533 1822 vniuersitstis

330 1863 464 1948 prestito
494 1862 580 1928 illins
611 1885 726 1929 nomen
760 1864 798 1928 de
826 1862 994 1928 matricula
1026 1861 1184 1942 deleatur,
1219 1884 1277 1927 nec
1306 1863 1442 1947 amplius
1464 1861 1533 1926 sine
1616 1891 1619 1898 ’

338 1990 492 2034 consensu
514 1970 730 2035 uniuersitatis
752 1969 924 2055 recipiatur
946 1971 978 2034 et
999 1970 1076 2033 tunc
1098 1967 1136 2033 de
1150 1988 1233 2032 nouo
1248 1967 1381 2033 iurando
1404 1987 1533 2032 consue-

333 2077 403 2140 tum
426 2073 648 2153 iuramentum,
672 2078 827 2160 quantum
847 2073 964 2158 reliqui
986 2073 1060 2139 dare
1083 2077 1244 2153 tenentur,
1267 2072 1411 2139 totaliter
1432 2072 1530 2137 dabit

421 2178 568 2246 Preterea
600 2182 626 2246 si
659 2181 729 2265 qnis
760 2179 977 2264 procurauerit
999 2199 1033 2243 ee
1055 2178 1233 2257 intitulari,
1264 2201 1328 2244 non
1350 2181 1386 2243 vt
1407 2177 1533 2244 studeat

332 2282 383 2348 vel
405 2287 493 2349 actus
516 2289 658 2350 exerceat
672 2285 862 2364 scolasticos,
887 2283 942 2350 sed
964 2288 1120 2368 quatenus
1143 2285 1219 2350 lites
1234 2283 1340 2350 foueat
1362 2287 1418 2348 aut
1439 2305 1534 2348 causa

331 2388 510 2468 consimili,
542 2390 617 2454 talis
640 2391 677 2456 de
699 2389 867 2456 matricula
890 2389 1032 2455 deleatur
1056 2389 1219 2454 conuictus
1249 2388 1446 2473 simpliciter,
1470 2387 1533 2452 nisi

333 2492 446 2556 saltem
469 2490 615 2558 Doctoris
638 2494 770 2562 alicuius
793 2494 943 2581 Magistri
966 2494 1015 2558 vel
1037 2495 1150 2560 talium
1173 2494 1315 2578 plurium
1346 2493 1462 2558 existat
1483 2492 1533 2556 fa·

334 2597 477 2677 miliaria,
501 2619 559 2683 pro
583 2622 645 2683 quo
667 2604 810 2686 tempore
833 2601 988 2666 duntaxat
1003 2600 1049 2664 vti
1064 2600 1168 2684 possit
1185 2597 1364 2684 priuilegiis
1379 2619 1415 2664 ac
1437 2597 1534 2662 liber·

331 2702 451 2768 tatibus
472 2709 580 2769 nostre
602 2706 817 2796 rniuersitatis
840 2705 994 2770 concessis
1017 2704 1199 2790 suppositis.

419 2807 502 2874 Item
524 2811 600 2894 quia
621 2817 786 2895 expertum
809 2815 866 2889 est,
890 2812 974 2896 quod
990 2811 1105 2894 aliquis
1130 2810 1261 2876 Rectori
1276 2831 1310 2875 se
1324 2809 1383 2876 sub
1406 2808 1534 2874 nomine

332 2914 472 2979 absentis
494 2920 770 2999 representanerit,
793 2922 826 2982 et
846 2917 956 2982 taliter
979 2917 1084 3001 ipsum
1106 2917 1269 2982 absentem
1297 2913 1455 2980 intitulari
1478 2913 1534 2979 do·

335 3016 400 3082 lose
422 3022 642 3102 procurauerit
663 3021 726 3086 sibi
747 3021 810 3107 ipsi
832 3043 947 3086 nomen
978 3021 1077 3104 ipsius
1106 3020 1186 3086 lalso
1208 3021 1374 3104 imponens
1396 3018 1454 3084 sub
1476 3039 1534 3083 no-

332 3123 417 3188 mine
439 3122 570 3190 alterius
592 3126 808 3194 iuramentum
823 3126 994 3212 prestando
1018 3125 1155 3210 Ideoque
1176 3124 1354 3204 statuimus,
1379 3125 1463 3208 quod
1485 3125 1535 3188 in-

332 3227 481 3294 titulatus
513 3232 545 3292 et
567 3229 707 3309 iuratus,
741 3232 864 3316 dequo
886 3231 1003 3296 Rector
1025 3230 1238 3296 verisimiliter
1261 3235 1309 3294 est
1331 3230 1454 3308 dubius,
1479 3250 1536 3313 per

332 3333 546 3398 iuramentum
562 3337 732 3420 prestitum
747 3337 937 3422 requiratur,
962 3358 1002 3402 an
1026 3338 1094 3421 ipse
1109 3336 1152 3400 sit
1167 3333 1333 3400 lohannes
1348 3335 1398 3400 vel
1412 3333 1535 3413 Petrus,

332 3438 377 3503 sic
399 3438 581 3504 nominatus
611 3443 643 3503 et
664 3442 924 3528 cognominatus,
955 3441 1127 3508 secundum
1158 3461 1275 3506 nomen
1296 3444 1328 3504 et
1351 3459 1536 3524 cognomen,

331 3543 414 3626 quod
437 3542 485 3606 illi
502 3541 629 3608 Rectori
651 3545 690 3609 ad
714 3544 943 3610 intitulandum
966 3545 1121 3629 expressit
1136 3545 1178 3610 Et
1192 3545 1220 3610 si
1245 3544 1351 3610 dolose
1374 3543 1536 3630 processit,

336 3647 477 3712 deleatur
508 3669 622 3712 nomen
654 3650 721 3715 eius
745 3650 934 3735 inscriptum
966 3673 1037 3716 cum
1066 3651 1255 3737 cognomine
1287 3648 1330 3714 Et
1360 3649 1394 3713 in
1421 3669 1538 3733 penam

335 3751 409 3817 talis
432 3751 557 3817 dolosus
572 3759 676 3818 careat
691 3755 834 3839 pecunia,
850 3778 946 3840 quam
963 3756 1051 3822 dedit
1065 3778 1124 3841 pro
1139 3755 1305 3822 intitulato
1320 3753 1538 3820 fraudulenter

337 3857 380 3922 Et
402 3862 554 3942 perpetuo
577 3859 674 3924 etiam
696 3861 739 3926 sit
762 3865 875 3927 exutus
899 3885 918 3926 a
938 3862 1122 3948 priuilegiis
1137 3861 1353 3929 uniuersitatis
1376 3865 1409 3924 et
1430 3879 1538 3944 recep-

337 3961 424 4028 tione
448 3963 481 4028 in
505 3964 704 4049 suppositum
727 3969 759 4030 et
781 3965 959 4032 membrum
982 3967 1129 4032 eiusdem.

424 4067 507 4134 Item
538 4071 707 4135 statuimus
736 4073 820 4156 quod
850 4076 993 4157 tempore
1022 4070 1303 4157 promotionis
1333 4067 1465 4134 alicuius
1488 4068 1538 4133 vel

334 4173 512 4257 aliquorum
536 4175 569 4239 in
592 4174 699 4260 aliqua
720 4177 871 4244 facultate
895 4178 1035 4243 eiusdem
1051 4175 1212 4242 facultatis
1225 4173 1370 4240 Decanrm
1392 4175 1539 4238 teneatur

335 4277 463 4342 Rectori
478 4279 534 4344 illa
549 4279 615 4345 vice
630 4281 779 4346 existenti
801 4303 917 4348 nomen
940 4286 995 4347 aut
1010 4281 1140 4346 nomina
1163 4277 1370 4364 promouendi
1386 4278 1442 4342 aut
1463 4296 1538 4360 pro·

334 4383 571 4462 mouendorum,
589 4407 661 4451 cum
676 4386 805 4452 nomine
816 4385 959 4452 Rectoris
969 4384 1138 4452 eorundem
1154 4385 1188 4450 in
1204 4383 1331 4468 scriptis
1347 4385 1538 4466 presentare,

334 4490 370 4553 vt
380 4486 496 4556 Rector
518 4490 670 4556 sciscitari
686 4495 791 4576 queat,
815 4512 856 4555 an
872 4491 1103 4575 promouendus
1118 4489 1303 4554 intitulatus
1317 4489 1361 4554 sit
1375 4486 1538 4566 veraciter,
