3442 5314
345 463 388 528 64
699 459 724 513 8.
742 458 876 514 Statuten
894 475 958 514 vom
976 459 1001 512 9.
1020 455 1085 512 ort.
1105 455 1181 512 147⁷.

343 615 559 682 uniuersitatis
590 619 622 680 et
644 613 881 699 suppositorum
910 612 997 677 illius
1026 634 1118 678 suum
1141 611 1281 678 officium
1303 611 1461 678 exercebit
1481 612 1537 680 Sc-

344 725 429 788 creta
452 742 575 805 quoque
596 741 661 785 non
684 717 857 797 reuelabit,
889 739 990 801 neque
1013 738 1071 802 pro
1095 716 1282 783 abusoribus
1303 717 1547 802 priuilegiorum

344 831 375 891 et
398 824 685 911 transgressoribus
708 827 900 888 statutorum
933 823 1069 888 scienter
1095 822 1213 888 scribet
1234 821 1316 888 Acta
1338 822 1473 906 denique
1495 843 1547 888 ac·

343 932 439 996 titate
460 931 610 996 mundata
632 933 720 995 actus
743 928 925 993 iudiciarios
947 932 980 993 et
1002 928 1218 994 uniuersitatis
1241 927 1388 992 conclusa
1409 927 1548 994 dudiose

344 1041 443 1114 notet,
469 1039 597 1121 propter
620 1034 704 1120 quod
726 1055 825 1098 vnum
847 1033 1004 1099 florenum
1027 1054 1193 1098 rencnsem
1214 1032 1248 1097 in
1271 1035 1421 1117 computo
1442 1032 1547 1097 cuius-

343 1143 423 1206 libet
445 1140 570 1224 antiqui
591 1139 736 1206 Rectoris
766 1137 805 1202 de
828 1139 903 1204 fisco
926 1138 1144 1204 uniuersitatis
1173 1139 1280 1203 leuare
1301 1137 1432 1202 habebit
1454 1136 1548 1204 Saluo

344 1245 570 1310 nichilominus
602 1244 664 1309 sibi
695 1245 893 1326 competente
914 1243 1030 1308 salario
1052 1264 1108 1328 per
1137 1242 1376 1308 uniuersitatem
1399 1242 1547 1322 taxando,

347 1351 375 1414 si
396 1349 447 1414 rel
468 1348 671 1414 uniuersitati
693 1350 741 1412 vel
766 1347 853 1414 illius
875 1350 1049 1434 suppositis
1073 1349 1242 1433 quicquam
1264 1348 1434 1433 scripserit.

430 1453 514 1519 Item
536 1454 710 1526 statuimus⁴
737 1454 886 1518 similiter
919 1455 1002 1538 quod
1024 1452 1206 1538 pedelli,
1236 1455 1408 1536 antequam
1431 1452 1547 1518 edmit·

345 1563 478 1638 tantur,
509 1559 606 1623 etiam
637 1556 902 1624 intitulandorum
934 1558 1147 1623 iuramentum
1179 1558 1216 1622 in
1237 1557 1384 1622 manibus
1405 1556 1548 1622 Rectoris

344 1665 452 1728 iurent
476 1661 629 1746 Quodque
650 1683 743 1728 suum
766 1663 906 1729 officium
927 1662 1064 1728 fideliter
1086 1683 1247 1741 exercere,
1279 1664 1399 1727 secreta
1420 1661 1547 1728 uniuer-

347 1769 451 1836 sitatis
483 1769 533 1833 vcl
563 1767 791 1854 Magistrorum
822 1766 864 1850 (si
887 1790 948 1853 que
969 1767 1142 1853 audierint)
1174 1789 1239 1834 non
1260 1767 1420 1846 reuelare,
1452 1770 1548 1851 atque

345 1874 415 1939 illis
437 1872 589 1938 bonorem
612 1873 774 1938 decentem
795 1873 912 1957 vbique
934 1873 1116 1958 impendere
1140 1874 1250 1938 velint.

432 1977 515 2044 ltem
536 1978 678 2044 olficimn
706 1979 750 2042 sit
771 1977 1033 2062 pedellorum
1062 1977 1150 2044 omni
1173 1977 1223 2044 die
1245 1999 1339 2044 mane
1368 1981 1400 2042 et
1422 1997 1549 2061 vespere

347 2083 514 2150 Rectorem
545 2083 674 2148 visitare
696 2087 728 2148 et
750 2083 790 2148 ab
812 2083 886 2162 illo,
922 2105 1004 2149 anne
1026 2083 1093 2148 eius
1115 2087 1208 2170 egeat
1229 2083 1416 2163 ministerio,
1441 2082 1548 2166 inqui·

347 2209 417 2254 rere
440 2187 578 2253 Indilate
599 2188 744 2253 Rectoris
776 2187 934 2252 mandatis
963 2209 1094 2272 parere,
1127 2187 1209 2253 festa
1231 2192 1263 2253 et
1284 2188 1464 2255 vacationes
1485 2187 1549 2252 lec·

347 2293 450 2359 tiones
481 2295 513 2357 et
542 2293 771 2378 disputationes
803 2314 839 2357 ac
868 2291 932 2356 alia
963 2291 1144 2358 huiusmodi
1177 2314 1233 2377 per
1261 2293 1361 2358 scolas
1391 2290 1549 2358 ordinarie

286 2419 293 2432 ·
348 2397 525 2484 legentium
549 2396 754 2481 proclamare,
778 2396 1039 2482 congregationes
1061 2395 1198 2462 fideliter
1220 2397 1369 2464 intimare
1383 2397 1550 2462 Rectorem

347 2525 419 2568 curn
440 2502 541 2587 virgis
562 2503 694 2568 honeste
716 2503 887 2568 conducere
909 2500 1044 2567 Actibus
1066 2502 1241 2568 Doctorum
1263 2506 1295 2567 et
1317 2501 1547 2588 Magistromm

347 2607 500 2673 interesse
530 2605 736 2693 Singularum
764 2607 954 2673 facultatum
988 2608 1123 2674 decanos
1157 2608 1245 2674 omui
1278 2608 1329 2672 dic
1358 2607 1488 2672 visitare
1518 2608 1550 2669 et

347 2733 456 2777 eorum
478 2712 636 2776 mandatis
659 2733 778 2797 parere,
801 2711 876 2778 Non
900 2713 1019 2778 iuratos
1035 2712 1074 2778 ad
1089 2713 1368 2799 congregationem
1390 2711 1551 2777 venientes

347 2817 477 2882 Rectori
510 2817 669 2897 reuelare,
693 2817 767 2881 Non
790 2817 972 2884 intitulatos
995 2819 1174 2904 legentibus
1208 2818 1258 2902 (vt
1279 2839 1385 2884 coram
1416 2817 1462 2882 eis
1485 2837 1549 2882 non

346 2921 471 3008 legant)
495 2921 705 3000 denunciare,
738 2923 865 3006 penales
896 2945 1004 2989 omnes
1037 2923 1070 2988 in
1094 2924 1256 3009 proprium
1280 2924 1452 3009 registrum
1474 2943 1549 2988 con·

347 3027 483 3093 scribere
504 3027 547 3092 Et
569 3027 633 3093 alia
665 3028 842 3093 consimilia
865 3028 983 3107 facere,
1013 3031 1108 3114 prout
1138 3029 1173 3092 in
1199 3028 1459 3095 uniuersitatibus
1481 3025 1551 3091 fieri

347 3131 514 3197 consueuit
536 3133 594 3197 sub
618 3155 702 3217 pena
723 3133 913 3218 priuationis
935 3134 1052 3200 salarii.

434 3235 515 3302 Item
531 3238 676 3304 volumus
690 3239 838 3304 similiter
853 3239 937 3323 quod
954 3239 1146 3325 pedellus
1162 3238 1347 3316 communis,
1370 3257 1434 3302 non
1450 3235 1552 3322 possit

348 3364 381 3408 se
403 3342 569 3407 absentare
592 3337 683 3407 extra
706 3344 869 3412 ciuitatem
892 3367 949 3429 per
971 3346 1134 3431 integrum
1156 3344 1240 3410 diem
1261 3344 1330 3410 sine
1344 3342 1488 3408 Rectoris
1511 3340 1551 3405 li-

348 3447 451 3511 eentia
473 3445 584 3532 Neque
616 3468 672 3530 per
706 3448 849 3513 triduum
879 3453 984 3533 preter
1014 3449 1176 3514 licentiam
1206 3453 1341 3534 quatuor
1364 3448 1552 3514 decanorum

353 3550 442 3626 Quod
465 3551 492 3615 si
515 3573 602 3616 secus
625 3552 745 3630 iecerit,
769 3554 874 3619 oificio
897 3575 954 3618 suo
976 3554 1019 3618 sit
1041 3555 1194 3639 priuatus.

436 3652 519 3718 Item
535 3655 567 3718 in
585 3657 872 3722 remunerationem
889 3657 1034 3723 laborum
1049 3657 1188 3722 eiusdem
1210 3661 1243 3723 et
1265 3662 1300 3723 vt
1322 3657 1551 3743 promptiorem

353 3779 386 3823 sc
409 3758 443 3822 in
466 3759 642 3826 commissis
665 3761 813 3826 exhibeat
834 3761 990 3827 Volumus
1020 3767 1055 3826 vt
1087 3763 1124 3828 de
1151 3766 1226 3828 taxa
1248 3763 1415 3828 cuiuslibet
1439 3762 1552 3826 intitu-

356 3863 453 3942 lendi,
476 3863 590 3948 pedelli
605 3866 761 3950 recipiant
783 3891 882 3934 vnum
897 3868 1033 3934 solidum
1048 3869 1233 3948 hallensem,
1257 3868 1286 3933 A
1305 3869 1430 3934 volente
1446 3871 1553 3932 autern

351 3967 385 4031 in
408 3968 520 4053 primis
543 3969 668 4037 banccis
691 3971 797 4052 locari,
822 3977 969 4058 quartam
992 3977 1117 4058 partem
1131 3973 1243 4039 floreni
1265 3973 1300 4038 in
1323 3995 1377 4038 sua
1402 3970 1552 4036 intitula-

348 4073 445 4137 tione.
491 4071 613 4139 Exinde
635 4098 709 4141 vero
732 4076 867 4162 singulis
890 4078 983 4143 annis
1007 4077 1040 4142 in
1064 4097 1148 4143 nouo
1179 4099 1263 4143 anno
1286 4077 1453 4142 honestam
1477 4096 1551 4159 pro-

349 4176 458 4260 pinem
481 4179 653 4245 secundum
674 4182 723 4246 sui
746 4185 849 4246 status
873 4182 1076 4268 exigentiam,
1100 4182 1140 4246 ad
1162 4181 1330 4246 locandum
1352 4184 1385 4246 et
1408 4179 1553 4265 preconi-

348 4282 481 4347 sandum
503 4285 637 4351 eundem
658 4286 782 4353 habeat.
828 4287 927 4353 Leuet
942 4288 1077 4373 denique
1092 4287 1131 4352 de
1148 4285 1299 4352 citatione
1313 4286 1392 4352 duos
1408 4284 1553 4351 denarios

349 4409 385 4452 ec
407 4388 445 4452 de
468 4393 588 4455 arresto
611 4395 746 4475 quatuor
768 4391 913 4457 denarios
935 4390 965 4456 A
987 4391 1211 4476 promouendis
1234 4411 1307 4456 vero
1340 4391 1430 4454 iuxta
1450 4391 1553 4453 statu·

348 4497 418 4558 tum
441 4494 479 4557 de
501 4497 635 4580 pecunia
667 4519 686 4562 a
717 4496 939 4581 promouendis
969 4497 1123 4582 exigenda
1145 4495 1188 4561 Et
1222 4495 1336 4560 ultimo
1371 4493 1553 4578 asinlugis
