3442 5314
338 424 380 487 20
610 421 636 476 4.
664 418 824 490 Ptpstlicbe
842 418 923 474 Bulle
940 436 1005 475 vom
1023 418 1064 473 18.
1083 417 1155 474 Nor.
1176 418 1252 475 1176.

338 577 434 663 potiri
465 582 498 642 et
530 578 665 663 gaudere
695 577 820 661 possint
848 580 881 642 et
897 577 1039 643 'debeant
1066 577 1099 642 in
1130 578 1277 644 omnibus
1298 581 1331 642 et
1353 599 1409 661 per
1431 575 1541 640 omnia

337 683 466 767 perinde
494 704 530 746 ac
560 682 587 748 si
618 681 675 746 illa
706 681 822 748 eisdem
845 680 1058 748 Vniuersitati
1087 683 1229 769 erigendi
1252 681 1358 748 Stadii
1387 685 1420 746 et
1454 679 1542 746 illius

337 786 464 852 Rectori
496 786 676 852 doctoribus
708 783 887 852 Smlaribus
918 790 951 852 et
979 787 1123 872 personis
1151 789 1184 853 in
1216 787 1273 852 illa
1304 809 1362 872 pro
1396 789 1540 869 tempore

337 891 489 976 promotis
522 891 700 976 specialiter
735 895 768 956 et
804 891 998 956 nominatim
1035 913 1180 958 concam
1212 892 1319 958 forent
1350 889 1540 956 auctoritate

336 996 511 1080 apostolica
531 999 641 1062 tencre
665 997 864 1080 presencium
887 997 1097 1084 indulgemus.

422 1100 465 1166 Et
487 1101 616 1185 insuper
638 1123 676 1166 ex
707 1123 792 1168 nunc
812 1101 941 1166 irritum
970 1102 1165 1170 decernimus
1196 1107 1227 1168 et
1256 1104 1370 1178 inane,
1399 1100 1426 1164 si
1448 1119 1537 1164 secus

337 1227 429 1290 super
452 1205 514 1288 hijs
537 1229 556 1270 a
580 1227 738 1290 quoquam
769 1206 882 1290 queuis
913 1208 1101 1272 auctoritate
1124 1208 1259 1273 scienter
1281 1207 1332 1272 uel
1355 1205 1541 1290 ignoranter

337 1311 507 1396 contigerit
529 1311 722 1396 attemptari.
768 1309 889 1376 Datum
911 1311 1038 1378 Rome
1059 1313 1142 1397 apud
1163 1310 1194 1377 S.
1210 1311 1342 1376 Petrum
1363 1309 1459 1376 Anno
1482 1305 1538 1372 In·

337 1415 531 1480 carnacionis
564 1415 719 1482 dominice
753 1416 921 1482 millesimo
959 1417 1269 1504 quadringentesimo
1306 1413 1538 1500 septuagesimo

335 1525 431 1586 sexto.
478 1519 525 1584 Id.
548 1518 738 1588 Novembris
762 1522 966 1608 pontificatus
988 1523 1089 1589 nostri
1111 1523 1206 1588 Anno
1229 1525 1326 1588 sexto.

426 1624 507 1690 Posn
527 1649 659 1700 uuaaun
691 1651 816 1702 amount
835 1650 1019 1694 tirrannum
1037 1651 1293 1694 arosnonrcasun
1328 1624 1538 1711 presentatio-

336 1752 409 1796 nem
438 1731 650 1814 acceptiorem
681 1737 714 1797 et
745 1731 934 1818 diligentem
965 1733 1192 1818 inspectionem
1222 1753 1279 1816 pro
1309 1735 1399 1817 parte
1421 1729 1538 1816 prefati

294 1894 296 1899 ,
336 1835 456 1900 domini
478 1833 610 1902 Comitis
643 1834 819 1902 Eberhardi
852 1841 889 1902 ut
922 1837 1081 1922 prefertur
1109 1837 1327 1922 principaliter
1357 1837 1391 1900 in
1421 1835 1539 1902 eisdem

336 1940 509 2020 nominati,
542 1941 692 2024 quatinus
722 1942 762 2006 ad
791 1963 899 2006 earum
928 1946 960 2006 et
991 1941 1025 2006 ia
1055 1942 1100 2008 eis
1129 1946 1351 2008 contentorum
1381 1940 1535 2024 nobisque

336 2047 572 2114 commissorum
605 2045 744 2110 debitam
777 2046 996 2112 execuciouem
1025 2047 1115 2112 iuxta
1144 2047 1297 2113 traditam
1332 2045 1424 2110 nobis
1457 2044 1539 2110 inibi

336 2151 473 2218 formam
495 2150 661 2236 procedere
683 2150 896 2236 dignaremur,
921 2151 1027 2216 debita
1048 2151 1211 2217 extitimus
1233 2173 1359 2238 precum
1383 2149 1540 2216 instancia

335 2256 490 2342 requisiti.

423 2361 492 2428 Nos
519 2385 601 2426 vano
623 2360 803 2426 Hmsmctn
838 2360 948 2428 Abbas
969 2361 1126 2428 Executor
1148 2365 1181 2426 et
1201 2359 1441 2426 Commissarius
1464 2381 1535 2442 pre·

336 2468 457 2546 dictus‚
486 2465 691 2552 Superiorem
714 2470 896 2532 nostrorum
929 2471 962 2532 et
982 2467 1147 2553 potissime
1168 2465 1348 2550 apostolicis
1381 2464 1539 2528 mandatis

335 2576 524 2649 reuerenter‚
548 2571 816 2648 similaremur,
839 2571 981 2648 obedire,
1011 2575 1162 2654 cauteque
1185 2574 1218 2636 et
1240 2569 1300 2645 rite
1322 2569 1357 2633 in
1380 2567 1539 2634 commissi

336 2675 427 2740 nobis
455 2675 579 2761 negocii
608 2675 795 2740 exeeucione
825 2675 992 2758 procedere
1022 2675 1182 2752 uolentes,
1214 2678 1250 2738 vt
1279 2673 1359 2738 nulli
1383 2672 1538 2736 interesse

334 2780 466 2845 habenti
489 2782 538 2846 vel
561 2780 762 2866 pretendeuti
786 2781 820 2844 in
842 2802 899 2844 suo
914 2780 1091 2844 videremur
1106 2779 1174 2844 iure
1189 2777 1393 2863 preiudicare¹
1417 2776 1535 2844 Omnes

334 2890 367 2950 et
388 2886 530 2972 singulos
552 2887 776 2970 cuiuscumque
799 2884 966 2970 dignitatis
986 2884 1101 2970 gratim
1124 2887 1226 2948 status
1241 2883 1291 2948 vel
1307 2883 1538 2967 preeminencie

334 2989 471 3070 fuerint,
505 3013 563 3056 sua
586 2989 796 3054 communiter
820 2990 870 3052 uel
894 2988 1022 3052 diuisim
1044 2989 1104 3054 hae
1125 2988 1157 3052 in
1192 2993 1282 3073 parte
1303 2989 1455 3054 interesse
1477 3010 1537 3072 pu-

334 3099 439 3160 tantes
462 3096 495 3160 iu
518 3117 634 3182 genere
655 3094 707 3158 uel
730 3093 763 3156 in
787 3093 899 3178 specie,
924 3093 975 3158 Ad
997 3094 1240 3178 comparendum
1262 3115 1367 3159 coram
1390 3093 1481 3158 nobis
1505 3093 1537 3156 in

334 3201 403 3264 loco
425 3200 548 3265 adhoc
570 3201 731 3284 deputato,
756 3195 799 3262 Et
822 3198 862 3262 ed
884 3199 1056 3263 uidendum
1079 3203 1111 3262 et
1133 3200 1321 3264 audiendum
1346 3221 1402 3264 nos
1426 3200 1463 3264 de
1485 3221 1538 3264 ex-

334 3306 447 3391 positis
471 3306 608 3371 narratis
632 3309 664 3370 et
688 3305 847 3370 contentis
871 3295 905 3369 in
928 3304 1020 3368 dictis
1042 3305 1143 3368 literis
1166 3305 1345 3390 apostolicis
1368 3327 1538 3390 eorumque

334 3411 584 3476 circumstanciis
607 3409 745 3496 singulis
769 3409 938 3495 diligenter
961 3409 1145 3492 informari,
1176 3413 1209 3474 ct
1231 3409 1410 3474 huiusmodi
1432 3409 1534 3474 infor·

334 3517 475 3583 macione
507 3521 634 3600 accepta
669 3518 702 3580 et
731 3513 857 3594 habita,
892 3513 1086 3599 veritateque
1119 3517 1318 3580 narratorum
1352 3513 1533 3578 huiusmodi

334 3625 489 3706 quantum
519 3621 662 3686 sulficere
691 3620 851 3684 rideretur
880 3622 1057 3704 comperta,
1089 3618 1211 3685 Deinde
1244 3621 1282 3683 ad
1316 3619 1532 3685 execucionern

333 3727 505 3812 apostolice
529 3726 759 3792 commissionis
784 3728 910 3790 seruata
931 3725 1033 3789 forma
1055 3725 1147 3790 nobis
1179 3725 1296 3790 tradita
1319 3725 1379 3788 rite
1401 3745 1457 3810 per
1481 3745 1537 3788 nos

333 3833 474 3918 procedi,
505 3832 555 3897 vel
576 3833 615 3897 ad
639 3831 805 3897 dicendum
828 3834 861 3896 et
883 3830 1092 3916 allegandum
1114 3829 1262 3916 quicquid
1286 3829 1319 3894 in
1342 3829 1538 3894 eontrarium

333 3960 440 4004 eorum
463 3935 697 4003 racionabiliter
727 3937 828 4002 dicere
851 3957 1026 4020 proponere
1055 3939 1089 4000 et
1117 3935 1254 4021 allegare
1276 3935 1396 4000 vellent
1417 3956 1454 4000 ac
1476 3957 1532 4000 va-

332 4043 449 4124 lerent,
479 4045 512 4108 in
542 4044 619 4108 locis
652 4043 767 4127 quibus
797 4041 963 4108 videbatur
985 4039 1131 4125 expedire
1153 4061 1208 4124 per
1232 4045 1376 4124 patentes
1409 4043 1536 4104 nostras

332 4149 440 4213 literas
463 4149 555 4214 citari
578 4153 610 4214 et
634 4149 736 4213 vocari
759 4147 890 4212 fecimus
913 4151 1008 4230 atque
1029 4147 1197 4212 citauimus
1221 4147 1255 4210 in
1278 4151 1399 4212 certum
1421 4144 1532 4208 termi-

334 4275 412 4318 num
434 4257 664 4338 competentem
688 4253 936 4339 peremptorium
959 4251 1038 4316 (lum
1063 4251 1290 4316 certificacione
1312 4251 1395 4336 quod
1418 4249 1462 4314 eis
1485 4248 1536 4312 uel

334 4360 397 4424 alio
419 4359 564 4444 legitimo
589 4359 769 4446 oppositore
785 4365 818 4424 et
833 4358 1063 4424 contradictore
1079 4379 1142 4422 uon
1158 4362 1358 4441 comparente
1374 4359 1429 4420 aut
1451 4375 1536 4419 com-

334 4467 464 4547 parente
488 4464 533 4527 nil
557 4469 662 4530 tanrcu
688 4463 891 4530 racionabilis
907 4463 940 4528 in
956 4463 1150 4529 contrarium
1166 4459 1389 4548 premissorum
1413 4461 1538 4528 dicente
