3460 5314
620 420 736 475 Statuta
758 423 822 476 1477
842 423 959 476 u.1505.
1325 424 1389 489 343

185 584 300 646 curent
322 585 353 646 et
377 583 450 645 ante
479 580 574 644 finem
599 579 707 660 totalis
740 577 814 642 libri
842 579 962 664 singuli
987 581 1111 645 cedulas
1134 581 1388 666 recognicionum

189 688 231 752 de
252 687 367 750 auditis
401 685 573 768 recipiant,
606 706 684 768 quas
701 683 809 746 etiarn
838 687 980 769 tempore
1003 685 1202 750 admissionis
1224 687 1263 750 od
1285 689 1389 770 temp·

184 795 293 856 tamen
315 789 461 856 facultati
484 789 589 872 palam
614 791 807 874 presentent,
832 788 890 852 sub
905 811 988 873 pena
1013 791 1245 856 retardacionis.
1284 790 1387 876 Magi-

183 897 263 962 stris
294 915 419 980 quoque
452 915 510 978 pro
533 898 626 977 pastu
658 895 692 958 in
724 897 875 978 prompto
905 895 1039 978 pecunia
1072 897 1121 962 vel
1149 897 1284 981 pignora
1305 897 1389 960 inira

185 1105 241 1170 sed
264 1105 370 1188 potius
392 1108 458 1168 tam
482 1103 695 1187 presidentem
719 1125 813 1188 quam
837 1106 1080 1188 respondentem
1111 1107 1246 1192 dirigere
1268 1111 1300 1172 et
1321 1129 1389 1172 nra·

186 1211 299 1295 gistris
322 1209 529 1295 arguentibus
548 1209 712 1274 silentium
727 1209 890 1292 inponere,
915 1218 1071 1293 quatenus
1086 1212 1221 1296 singulis
1237 1212 1390 1298 arguendi

186 1314 275 1380 locus
297 1318 413 1398 pateat.

275 1419 356 1485 Item
391 1418 526 1484 decanus
563 1418 907 1503 nullam'positionem
937 1442 1046 1486 mere
1081 1421 1389 1508 theologicam,

188 1524 417 1588 iuridicarn
441 1528 495 1588 aut
517 1523 818 1589 medicinalem
853 1527 887 1590 in
921 1524 1136 1608 disputatione
1159 1527 1319 1592 ordinaria
1340 1526 1389 1590 fa-

187 1630 315 1694 cultatis
340 1630 456 1696 artiunn
479 1630 545 1694 siue
567 1629 794 1715 magistrorum
817 1630 884 1695 siue
911 1629 1184 1695 baccalaureorum
1208 1632 1365 1697 admittat.

193 1802 248 1868 De
270 1803 567 1889 disputatione
589 1804 816 1869 ordinaria
838 1805 1229 1883 baccalaureorum,
1264 1827 1388 1889 quan·

555 1914 638 1974 tum
661 1909 707 1973 ad
731 1910 1019 1993 presidentes.

275 2047 593 2113 Baccalanreus
617 2046 797 2131 complens,
829 2047 1098 2132 quotienscunque
1122 2070 1194 2113 eum
1216 2049 1293 2113 ordo
1315 2048 1389 2113 teti-

191 2154 292 2238 gerit,
316 2152 474 2216 ordinarie
497 2174 553 2236 por
576 2173 610 2215 se
631 2151 666 2218 in
686 2152 815 2236 propria
836 2173 971 2236 persona
992 2175 1089 2238 pres
1102 2154 1213 2218 idere
1234 2158 1388 2218 teneatur.

195 2257 262 2332 Quo
278 2257 327 2321 dsi
342 2257 527 2342 neglexerit,
549 2258 632 2321 vltra
647 2255 869 2320 retardationis
885 2278 1010 2340 penam,
1028 2257 1173 2322 facultati
1188 2259 1305 2322 artium
1320 2281 1390 2342 sep·

195 2366 258 2426 tem
275 2362 391 2426 solidos
406 2361 667 2426 irremissibiliter
681 2363 849 2445 persoluat,
867 2363 928 2426 nisi
943 2362 1025 2426 forte
1040 2363 1095 2427 illo
1112 2368 1253 2446 tempore
1263 2385 1390 2446 presens

194 2488 256 2531 non
279 2471 369 2544 esset,
393 2467 442 2531 uel
465 2489 502 2530 ex
526 2467 709 2531 rationabili
732 2489 834 2546 causa,
859 2465 967 2550 (quam
990 2467 1125 2532 decanus
1148 2489 1220 2532 cnm
1243 2467 1389 2532 consilia·

190 2573 243 2654 rijs
266 2572 330 2636 suis
353 2571 528 2655 approbare
549 2570 680 2657 habeat)
704 2575 839 2656 protunc
855 2573 1012 2657 presidere
1027 2594 1092 2636 non
1112 2575 1226 2656 posset.
1265 2571 1391 2637 Extunc

191 2677 275 2741 enim
299 2678 443 2755 decanus,
468 2699 508 2741 ne
530 2678 611 2742 scole
632 2678 847 2763 negligantur,
872 2679 910 2741 de
933 2677 995 2742 alio
1011 2677 1193 2760 disputante
1215 2676 1389 2762 prouideat,

189 2787 220 2846 et
243 2782 449 2846 nihilominus
472 2782 694 2847 baccalaureus
716 2782 790 2846 talis
813 2783 989 2868 neglectam
1013 2783 1261 2866 disputationem
1282 2785 1392 2865 postea

189 2887 359 2973 supplebit,
382 2888 440 2951 snb
464 2910 545 2971 pena
561 2887 669 2970 priori,
693 2889 720 2950 si
735 2888 848 2952 saltem
864 2888 1026 2972 complens
1042 2886 1162 2952 censeri
1177 2887 1263 2952 velit.
1303 2885 1390 2950 Talis

189 2998 292 3058 autem
316 2993 489 3076 disputatio
519 2991 661 3076 qualibet
693 2993 873 3076 septimana
904 2994 954 3056 die
983 2992 1139 3057 dominica
1161 2992 1227 3055 fiat.
1271 2989 1313 3054 Et
1336 3013 1390 3074 pe·

190 3098 289 3162 dellus
313 3098 406 3164 debet
427 3097 664 3162 baccalaurenm
687 3098 903 3182 professurum
920 3121 977 3181 per
1000 3098 1192 3182 quindenam
1207 3101 1301 3161 antea
1323 3095 1391 3160 aui-

193 3227 269 3282 sare,
294 3203 376 3288 quod
399 3225 432 3267 se
455 3203 493 3266 ad
516 3203 737 3286 presidendum
762 3202 926 3286 disponat,
958 3203 1111 3286 debetque
1145 3203 1228 3267 idem
1251 3199 1391 3287 pedellus

190 3333 245 3396 per
268 3310 428 3375 octiduum
451 3313 525 3372 ante
549 3309 751 3392 professionis
775 3309 857 3372 diem
874 3308 1046 3390 positiones
1062 3306 1145 3388 apud
1160 3305 1293 3370 eundem
1317 3304 1390 3368 bac-

190 3415 367 3480 calauremn
392 3413 503 3478 afferre
527 3416 559 3478 et
581 3413 698 3478 decano
721 3412 760 3476 ad
783 3411 1028 3475 examinandum
1052 3408 1175 3473 easdem
1198 3410 1389 3493 presentare.

275 3519 357 3583 Item
386 3517 607 3582 baccalaureus
641 3517 748 3580 volens
781 3515 939 3598 presidere
972 3514 1106 3598 accipiat
1140 3512 1391 3596 questiones

190 3627 222 3688 et
243 3623 508 3706 sophismata
539 3643 598 3704 pro
627 3620 801 3704 capacitate
833 3618 1112 3702 respondentium,
1146 3622 1179 3681 et
1208 3617 1391 3706 huiusmodi

192 3728 369 3812 questiones
402 3732 434 3791 et
464 3726 658 3810 sophismata
688 3723 765 3808 ipsis
794 3722 1059 3806 respondentibus
1092 3726 1165 3787 anta
1195 3722 1332 3786 declaret
1360 3725 1392 3784 et

190 3854 260 3896 curn
282 3832 360 3915 ipsis
383 3832 532 3916 disputet.

275 3936 355 4000 Item
384 3935 570 4018 baccalaurij
602 3934 717 3998 artium
751 3933 830 3996 hora
860 3933 1045 3998 duodecima
1075 3931 1391 4015 disputationis

191 4045 326 4105 actum
355 4041 527 4124 incipiant,
558 4039 592 4103 in
622 4038 710 4102 cuius
733 4037 860 4102 exordio
884 4059 938 4120 per
963 4038 1125 4122 integram
1148 4037 1259 4101 horam
1281 4036 1391 4099 bacca·

191 4146 314 4210 laurens
336 4145 495 4229 presidens
518 4144 780 4228 respondentibus
802 4144 976 4226 positiones
1000 4163 1193 4227 preponere,
1224 4141 1390 4215 declarare,

191 4256 318 4316 etcum
341 4250 418 4334 ipsis
441 4250 602 4334 disputare
625 4249 772 4314 astrictus
795 4248 855 4325 sit,
888 4249 947 4312 sub
969 4270 1052 4331 pena
1076 4251 1197 4329 septem
1221 4244 1391 4308 solidorum

192 4355 451 4421 irremissibiliter
483 4355 773 4438 persoluendorum.
827 4353 927 4436 Super
958 4373 1021 4436 quo
1044 4350 1184 4435 pedellus
1206 4349 1338 4435 vigilare
1360 4351 1392 4412 et

191 4461 269 4526 tales
293 4461 504 4548 negligentias
526 4462 644 4525 decano
667 4459 856 4525 denunciare
878 4462 1032 4524 teneatur.
