3320 5308
683 475 767 532 1500.

124 633 169 694 54.
192 627 269 694 0666
292 628 426 715 Waybel
450 630 488 694 de
505 629 733 698 Freneklordie
758 641 806 699 11.

124 739 169 799 55.
193 733 355 800 lohannes
378 734 474 799 Fabri
497 737 535 801 de
557 736 736 823 Beblingen
763 745 813 804 12.

125 843 169 902 56.
194 837 362 904 Vdnlrieus
385 838 580 908 Kornweehs
606 847 654 907 13.

123 947 168 1006 57.
192 942 358 1008 Rudolffus
381 945 519 1010 Beldeek
541 946 579 1010 de
602 947 767 1014 Hertneek
791 955 841 1014 13.

124 1052 169 1112 58.
193 1046 355 1112 lohannes
378 1047 579 1116 Sternsehaln
602 1057 640 1117 de
662 1053 872 1120 Sehorndorff
896 1062 944 1121 14.

124 1157 170 1218 59.
194 1154 330 1219 Michael
353 1155 557 1243 Heneberger
580 1159 617 1222 de
641 1158 835 1247 Gysslingen
862 1167 910 1225 10.

122 1262 168 1323 60.
191 1259 373 1324 Jeronimus
396 1259 497 1325 Zeller
520 1260 557 1324 de
580 1259 766 1328 constantia
789 1268 840 1330 20.

123 1364 169 1427 61.
193 1362 355 1429 Johennes
379 1362 483 1429 Rinek
509 1365 547 1429 de
568 1363 690 1452 Nagolt
714 1373 764 1434 26.

121 1472 170 1533 62.
193 1467 356 1533 Johannes
379 1468 481 1533 Wolff
507 1469 544 1533 de
566 1469 733 1555 Wimpinn
757 1476 808 1536 27.

123 1577 170 1637 63.
195 1571 410 1649 LeonherduS‚

123 1684 171 1743 64.
195 1677 362 1743 Vdalricus
384 1677 597 1764 Langmantel
620 1678 836 1765 Augnelenues
859 1687 909 1746 27.

127 1787 174 1848 65.
199 1782 335 1848 Mieheel
356 1782 531 1868 Fryleehen
554 1785 592 1850 de
615 1784 829 1872 Furstenberg
853 1791 903 1852 29.

200 1942 265 2007 Sub
288 1945 446 2006 rectoralu
468 1941 575 2005 eximii
601 1941 637 2004 D.
663 1942 702 2006 D.
727 1943 886 2010 JOHANNIS
908 1943 1120 2010 Escnnnnecn
1147 1943 1165 1982 *
1191 1969 1209 2008 6
1232 1944 1314 2009 Phil.

118 2053 148 2113 el
171 2048 282 2113 Jaeobi
305 2069 404 2130 neque
426 2045 509 2111 Luee
531 2069 558 2110 a.
591 2050 680 2111 1523.

142 2212 167 2270 1.
192 2205 348 2290 Georgius
372 2203 479 2268 Limer
502 2203 540 2268 de
562 2204 742 2289 Argentina
765 2209 783 2270 5
807 2204 895 2270 Maii.

138 2315 167 2374 2.
192 2309 346 2394 Georgius
368 2307 539 2394 Mollinger
564 2310 601 2374 de
623 2308 791 2393 Lauphein
814 2316 844 2374 4.

139 2422 170 2478 3.
195 2413 358 2479 Johannes
380 2412 622 2480 Schwarlzbneh
646 2415 684 2480 de
707 2414 875 2499 Leuphein
899 2422 929 2480 4.

136 2525 166 2583 4.
190 2517 353 2583 lohannes
376 2517 425 2582 Ox
448 2520 486 2584 (16
508 2519 760 2605 Geymertingen
786 2526 814 2585 5.
841 2528 855 2586 1
882 2544 906 2586 e.
990 2593 995 2598 ,

137 2628 166 2689 5.
191 2622 354 2688 Johannes
378 2623 480 2689 Rlldel
504 2625 542 2689 de
566 2623 779 2712 Frengfordie
805 2631 853 2693 10.

138 2733 167 2792 6.
191 2727 330 2793 Joennes
354 2727 457 2794 Besch
480 2728 518 2794 de
540 2728 672 2796 Stadion
700 2735 749 2795 12.

138 2838 166 2897 7.
192 2832 310 2918 Cespar
333 2833 442 2899 Gleser
465 2856 502 2900 ex
519 2835 610 2900 Horb
636 2842 685 2902 12.

135 2945 165 3003 8.
190 2936 352 3002 Conradus
376 2936 588 3004 Roekenbuch
613 2939 652 3004 de
673 2938 859 3024 Stulgerdin
885 2945 932 3004 19.

136 3049 164 3108 9.
189 3042 304 3108 Daniel
327 3043 410 3128 Frey
433 3045 471 3108 de
494 3043 620 3130 Asperg
647 3050 696 3110 16.

115 3153 166 3212 10.
190 3147 329 3213 Joannes
353 3147 473 3212 Fender
496 3147 660 3232 (Plender)
685 3147 724 3213 de
746 3147 954 3233 Symeringen
984 3156 1030 3215 17.

115 3259 165 3317 11.
191 3252 330 3318 loannes
352 3251 565 3336 Ledergerber
589 3254 627 3319 de
649 3253 904 3338 Munderkingen
932 3258 979 3320 18.
1004 3260 1019 3319 l
1044 3279 1068 3320 s.

115 3365 165 3424 12.
189 3358 347 3423 Martinus
370 3357 517 3422 Genssler
539 3359 576 3423 de
599 3358 727 3442 Snlgaw
749 3357 885 3424 4Jnnii.

115 3471 166 3528 13.
190 3462 358 3529 Vdelricus
382 3462 530 3528 Vlmenss
554 3464 591 3529 de
616 3463 804 3530 Constantia
828 3467 856 3528 6.

113 3574 164 3634 14.
189 3567 393 3633 leonhardus
416 3568 518 3634 Wolff
537 3570 574 3634 de
596 3567 786 3654 Kn6ringen
811 3573 839 3632 6.

113 3677 164 3742 15.
190 3673 297 3738 Andre
320 3671 435 3737 Lelseh
458 3673 495 3737 de
520 3673 771 3758 Schwendingen
795 3678 823 3736 7.

118 3784 169 3846 16.
194 3777 304 3844 Gallus
327 3777 432 3841 Buseh
456 3778 494 3842 de
509 3778 684 3865 Tullingen
708 3783 736 3842 7.

113 3889 164 3949 17.
190 3883 379 3948 Benedictus
403 3883 495 3970 Meyr
518 3884 555 3948 de
580 3884 754 3970 Tullingen
779 3887 807 3948 7.

111 3996 164 4055 18.
189 3989 340 4056 Siluesler
364 3989 456 4072 Hayd
480 3990 517 4054 de
539 3990 714 4075 Tullingen
733 3993 761 4053 7.

110 4101 163 4160 10.
187 4094 345 4159 Martinus
367 4093 489 4158 Wetzel
510 4094 548 4159 de
572 4093 763 4178 Gbppingen
786 4097 815 4158 8.

181 4268 222 4321 59.
250 4265 533 4336 Hennenberger
569 4267 641 4322 nach
673 4266 740 4320 Mle..
768 4295 799 4304 -
829 4265 870 4319 62.
901 4265 972 4318 nach
1001 4264 1068 4320 an.
1099 4266 1313 4321 Alexander

105 4354 237 4411 Wolff.
259 4385 290 4393 -
312 4357 335 4410 l.
362 4355 397 4408 M.
416 4356 449 4408 A.
471 4355 547 4409 1524.
573 4355 740 4409 Ammeieter
764 4371 798 4407 zu
827 4353 1001 4422 Stressburg.
1024 4382 1052 4393 -
1075 4353 1100 4407 8.
1121 4354 1157 4407 M.
1178 4353 1209 4406 A.
1237 4354 1311 4408 1526.

107 4473 143 4482 -·
164 4443 189 4495 9.
209 4441 245 4495 M.
265 4443 297 4495 A.
320 4443 395 4497 1524.
413 4473 444 4482 -
466 4443 507 4496 10.
525 4443 562 4496 Μ.
581 4444 614 4497 A.
631 4443 706 4498 1524.
761 4443 871 4497 *sonet
890 4441 1062 4504 unbekannt,
1082 4441 1149 4495 falls
1167 4441 1244 4496 nieht
1264 4442 1313 4495 der

106 4530 182 4586 oben
201 4529 228 4583 S.
246 4530 298 4584 475
317 4529 354 4583 N.
373 4529 655 4599 48.enge16hrtenu
672 4529 819 4585 verstehen
839 4529 886 4583 iel.
1370 4519 1373 4523 ’
