3504 5322
296 458 359 524 408
851 453 952 508 Bursoe.

297 704 535 768 Promissio
558 705 882 778 conuentorum,
906 702 1193 785 cumprimum
1216 706 1500 782 assumuntur,

564 809 610 872 de
632 806 869 872 obediendo
892 805 1068 870 Rectori
1090 807 1224 872 burae.
1258 849 1261 854 ·

386 948 467 1014 Item
490 949 626 1034 quilibet
649 951 824 1014 conuentur
848 948 1087 1026 assumendus‚-
1105 949 1290 1032 priusquam
1313 953 1501 1028 assumatur,

299 1057 468 1142 promittat
491 1057 655 1122 bonafide
678 1055 746 1120 loco
776 1055 966 1118 iuramenti:
1000 1055 1082 1137 quod
1105 1054 1233 1118 Rectori
1262 1054 1356 1118 burae
1378 1054 1503 1119 obedire

301 1163 378 1227 velit
400 1163 433 1226 in
457 1162 602 1247 singulis,
627 1183 688 1246 que
710 1160 881 1224 secundum
905 1162 1048 1224 tenorem
1071 1163 1265 1224 statutorum
1286 1159 1503 1224 uniuersitatis

300 1271 331 1331 et
354 1267 514 1331 facultatis
538 1267 655 1331 artium
678 1269 733 1330 aut
756 1265 993 1329 ordinationum
1014 1265 1188 1330 bursaliuni
1212 1265 1352 1329 debitum
1376 1286 1502 1330 concer-

300 1376 383 1436 nunt
406 1373 547 1457 regimen
569 1372 673 1448 burae,
697 1375 791 1455 atque
807 1373 917 1434 contra
939 1370 1104 1434 Rectorem
1127 1370 1221 1435 burse
1243 1391 1306 1434 non
1331 1371 1504 1456 insurgere,

300 1479 339 1542 ad
364 1478 430 1542 eius
452 1478 647 1542 vocationem
670 1479 739 1544 sine
761 1477 832 1541 dolo
855 1481 886 1541 et
908 1475 1017 1541 fraude
1033 1476 1118 1542 illico
1142 1497 1328 1560 comparere,
1352 1477 1387 1540 in
1409 1497 1505 1540 euen-

300 1583 503 1660 tumeliam,
534 1583 568 1646 in
592 1604 684 1666 quem
708 1582 769 1646 sibi
792 1583 874 1646 vices
897 1581 1041 1646 Rectoris
1064 1583 1220 1647 committi
1244 1583 1425 1667 contigerit,
1448 1603 1502 1645 ex-

300 1693 377 1752 tunc
399 1689 438 1752 ad
463 1688 667 1752 exercendum
682 1688 818 1752 fideliter
841 1687 981 1751 officium
1004 1687 1142 1751 eiusdem
1164 1687 1313 1752 astrictus
1335 1709 1402 1750 esse
1418 1686 1503 1751 velit.

301 1790 368 1857 Nec
391 1793 452 1857 sibi
479 1814 645 1877 procurare
667 1791 743 1856 velit
768 1792 870 1855 claues
892 1792 987 1855 burse
1010 1792 1150 1856 clauibus
1175 1792 1303 1856 similes,
1349 1790 1505 1855 Similiter

301 1898 348 1961 sic
370 1896 559 1961 substitutus
590 1919 626 1962 ea
656 1897 794 1980 capitula
819 1894 946 1960 Rectori
969 1897 1063 1962 burse
1085 1897 1270 1980 promittere
1305 1897 1412 1974 debet,
1447 1917 1507 1980 que

303 2002 396 2066 ceteri
424 2001 568 2086 magistri
590 2023 654 2066 non
678 2004 883 2066 concentores
906 2006 1012 2066 tamen
1035 2005 1163 2069 bursam
1185 2003 1402 2068 inhabitantes
1426 2003 1506 2068 Rec-

303 2108 367 2172 tori
389 2105 603 2170 uniuersitatis
627 2106 812 2189 promittere
834 2110 910 2170 aunt
932 2108 1063 2172 astricti.

307 2282 536 2348 Promissio
551 2279 758 2366 pedagogi
774 2285 815 2344 et
830 2283 1103 2365 resumptoris
1118 2285 1506 2370 magistrandorum.

396 2421 467 2504 Epo
484 2423 639 2501 promitto
662 2422 742 2485 neeis
762 2421 949 2486 brrrsutrbus
964 2422 1145 2488 scolaribus
1159 2425 1299 2505 fideliter
1315 2427 1508 2491 iunioribus

307 2527 485 2609 disciplina
509 2533 538 2590 et
561 2527 708 2590 doctrina
725 2545 860 2605 preesse
880 2523 900 2589 ¹.

391 2632 562 2697 Discotnnr
583 2630 633 2695 vet
654 2631 878 2712 repetundum
900 2631 1154 2714 incorrigibilem
1168 2655 1287 2698 mecum
1309 2655 1372 2701 non
1396 2642 1508 2715 terrere,

306 2739 385 2820 puin
407 2737 639 2800 itturnRectori
661 2735 756 2799 burse
778 2733 828 2798 uei
851 2736 921 2799 eius
945 2737 1043 2800 nicene
1059 2741 1178 2802 tenenti
1197 2760 1259 2819 per
1281 2760 1329 2804 rue
1343 2741 1393 2805 vet
1408 2741 1507 2805 ntimo

308 2841 398 2919 infru
422 2843 566 2906 triduum
588 2841 773 2905 dereuncienr
796 2840 1045 2918 emendandum,
1064 2861 1128 2922 pro
1153 2851 1319 2926 urrprrrento
1343 2850 1371 2910 et
1392 2845 1508 2909 borrorc

308 2949 402 3012 burse
423 2946 564 3027 fideliter
586 2965 689 3027 opere,
714 2943 844 3008 Rectori
865 2945 961 3008 burso
983 2949 1013 3008 et
1036 2949 1281 3013 concentoribus
1297 2951 1332 3013 in
1355 2947 1456 3014 licitis
1481 2954 1510 3014 et

307 3052 450 3116 honestis
473 3052 612 3132 repinren
636 3055 665 3114 et
688 3054 806 3113 statura
830 3049 944 3114 bonurn
973 3050 1069 3115 burse
1092 3053 1351 3118 concernentibus
1374 3053 1510 3119 obedire.

396 3155 516 3220 Nullos
540 3155 896 3234 conspiraciones
918 3160 976 3218 aut
998 3155 1110 3238 tipus
1123 3157 1230 3235 facere
1245 3159 1280 3221 in
1289 3160 1512 3238 preiudieiunr

309 3263 405 3325 burso
428 3280 466 3324 uc
488 3259 636 3324 Rectoris
659 3259 818 3336 eiusdem,
844 3259 975 3338 pariter
998 3265 1027 3323 et
1050 3268 1282 3327 eorerrentorunr.
1329 3263 1438 3345 Neque
1459 3263 1512 3328 bis

305 3367 447 3446 forsitan
470 3363 702 3445 utternptundis
725 3365 897 3440 interesse,
930 3363 1070 3428 scolares
1094 3365 1229 3448 denique
1251 3373 1363 3433 ceretro
1383 3369 1513 3432 uniuer-

310 3472 421 3535 sitatis
456 3489 494 3534 ec
523 3469 694 3548 fucnttutis
727 3489 784 3533 scu
816 3469 955 3532 otiorum
978 3490 1112 3549 quorum
1132 3473 1267 3536 interest
1288 3473 1514 3538 ordinaciones

310 3578 440 3640 ruininre
464 3577 643 3654 defendere.
699 3575 842 3654 Insuper
857 3576 1030 3654 promitto,
1063 3577 1147 3656 quod
1170 3579 1281 3657 siper
1304 3598 1357 3642 eos
1379 3599 1514 3660 quorum

311 3685 445 3746 interest
480 3686 648 3760 correptus
683 3679 732 3744 eet
754 3680 922 3759 depositus
942 3679 1052 3758 fuero,
1086 3701 1149 3746 non
1183 3681 1219 3746 id
1252 3684 1409 3747 aduersus
1432 3683 1514 3749 tutes

309 3790 475 3854 uindicare
497 3787 567 3851 uoto
591 3787 645 3850 eiu
664 3786 746 3865 forcti
769 3786 887 3849 directe
909 3786 958 3849 uel
980 3787 1144 3850 indirecte.

397 3892 480 3956 Item
502 3891 648 3955 volumus
683 3891 765 3972 quod
790 3889 846 3953 illa
870 3889 1037 3972 promissio
1060 3893 1091 3953 et
1113 3891 1280 3974 precedens
1304 3914 1364 3976 que
1387 3891 1514 3975 respicit

310 4003 535 4073 conuenturos,
560 3996 713 4060 statim
737 3999 896 4079 prestetur
919 3996 959 4059 ab
983 3996 1080 4060 electo
1104 4000 1295 4061 conuentore
1318 4000 1514 4081 resumptorc

313 4108 363 4170 vel
393 4104 558 4189 pedagogo
590 4102 624 4166 in
657 4123 769 4165 manue
793 4101 936 4166 Rectoris
968 4101 1184 4165 uniuersitatis
1215 4105 1358 4186 presente
1381 4101 1514 4166 Rectore

316 4211 411 4274 burse
443 4209 536 4273 huius
566 4207 617 4271 vel
650 4207 736 4271 illius
770 4207 807 4270 de
837 4228 899 4291 qua
929 4209 977 4269 est
1001 4207 1056 4289 qui
1078 4207 1183 4270 iurare
1206 4206 1319 4283 habet,
1352 4207 1410 4269 sub
1433 4227 1515 4289 pena

313 4315 503 4400 privacionis
533 4313 636 4377 omnis
669 4312 863 4377 emolimenti
893 4311 1014 4379 ratione
1045 4312 1120 4376 talis
1157 4313 1263 4377 officii.
1320 4311 1388 4376 Nec
1422 4312 1515 4376 debet

384 4544 395 4596 l
417 4540 581 4610 beigeftigt:
600 4540 727 4609 ipsosque
740 4513 867 4594 'fideliter
886 4538 922 4595 ad
940 4538 1145 4594 latinisandum
1163 4536 1302 4592 inducere.
