3460 5314
792 464 922 520 Facultns
940 465 1072 522 luridics.

912 817 959 889 H.
1000 757 1003 762 Ι

723 1007 903 1080 Statutcn
930 1031 1005 1081 von
1035 1009 1148 1082 1539.

394 1197 605 1264 ultumam
622 1195 917 1263 srnrvnouvm
938 1195 1209 1263 FAOVL'I'ATIS
1233 1197 1469 1265 IVRIDICAE.

470 1357 474 1364 ⁴
777 1441 781 1448 ,
843 1370 984 1437 OAPVT
1006 1371 1031 1435 Ι.

338 1531 397 1598 Dc
430 1530 644 1597 electione
677 1529 1063 1595 Administrutoris
1096 1526 1368 1617 negotiorum
1401 1530 1541 1597 huius

613 1634 773 1720 Studij,
797 1635 852 1719 qui
875 1634 1067 1700 Decanus
1090 1636 1264 1703 dicitnr.

426 1789 544 1855 Eodem
567 1790 618 1855 die
647 1790 699 1855 uel
722 1791 808 1855 intra
832 1791 1010 1870 octiduum,
1045 1812 1107 1873 quo
1130 1793 1337 1877 magistratus
1360 1813 1435 1858 suns
1456 1815 1541 1858 nouo

340 1894 469 1960 Rectori
491 1893 720 1960 Vniuersitatis
742 1894 873 1960 Scholse
904 1899 1032 1960 nostrae
1063 1896 1270 1961 demandatus
1294 1901 1357 1975 est,
1390 1897 1543 1964 Doctores

342 1998 444 2082 Studij
470 1998 567 2076 duris,
592 1999 645 2063 isti
667 2003 812 2079 tantum,
848 2000 902 2083 qui
925 1999 1084 2065 ordinarie
1106 1999 1191 2086 leges
1215 2006 1247 2067 et
1268 2001 1349 2067 Jura
1370 2007 1440 2067 tum
1464 2025 1540 2087 pro·

340 2105 508 2181 fiteentur,
542 2103 582 2168 ad
614 2103 795 2188 eligendum
819 2124 856 2166 ex
880 2104 988 2168 eodem
1014 2103 1178 2168 doctorum
1198 2127 1349 2184 numero,
1379 2107 1540 2170 semestris

340 2209 492 2293 temporis
515 2206 740 2285 Decanum‚
771 2206 997 2271 conueniunto.
1052 2206 1120 2283 Quo
1151 2209 1219 2274 loco
1242 2209 1296 2275 ille
1318 2209 1393 2274 huic
1416 2210 1542 2274 muneri

341 2312 549 2398 preficiendus
572 2311 642 2390 erit,
666 2333 760 2396 quem
782 2311 859 2376 ordo
881 2315 1085 2397 proposuerit,
1109 2314 1155 2378 ita
1174 2320 1210 2380 ut
1234 2314 1396 2380 uSeniore
1419 2315 1458 2380 ad
1481 2313 1541 2380 Ju-

341 2418 481 2495 niorem,
514 2421 545 2480 et
568 2415 689 2480 abhoc
712 2437 821 2480 rursus
850 2417 890 2480 sd
919 2417 1028 2496 illum,
1059 2417 1231 2483 secundum
1253 2419 1414 2500 ordinem,
1447 2441 1541 2504 quem

342 2523 475 2606 quisque
506 2522 540 2584 in
570 2521 629 2586 hoc
651 2520 785 2606 collegio
809 2525 913 2600 tenet,
945 2523 1140 2605 procedatur.
1165 2561 1206 2571 —
1230 2523 1298 2589 Hoc
1320 2525 1413 2589 modo
1437 2524 1542 2608 desig-

233 2647 236 2654 ’
342 2629 436 2691 notus
450 2624 594 2690 Decanus
610 2626 835 2691 semestris
852 2628 1054 2711 temporis
1070 2629 1294 2715 magistratum
1310 2630 1424 2715 genito,
1447 2650 1541 2713 quern

342 2732 405 2796 nisi
428 2730 538 2796 statim
568 2731 671 2808 ineat,
704 2735 760 2796 aut
783 2733 810 2797 si
833 2734 996 2798 adsumere
1018 2734 1162 2820 negligat
1193 2736 1244 2800 uel
1279 2739 1416 2812 rccuset,
1447 2734 1541 2798 modo

343 2857 406 2900 non
429 2835 607 2920 legitimam
630 2836 731 2900 iustae
746 2838 956 2902 excusationis
972 2859 1097 2902 causam
1120 2841 1241 2906 adterat
1264 2844 1295 2903 ct
1310 2839 1432 2924 probet,
1456 2837 1540 2903 mul·

343 2944 410 3004 tam
432 2940 541 3006 serario
564 2937 739 3005 Facultatis
762 2943 839 3007 duos
862 2965 973 3008 aureos
995 2945 1135 3028 pendere
1157 2947 1288 3032 cogitur.

926 3165 969 3232 II.

346 3309 400 3375 De
423 3305 747 3375 officioDecsni
769 3311 810 3371 et
832 3307 876 3372 de
899 3306 1203 3386 Jurciurando,
1236 3309 1341 3392 quod
1364 3307 1398 3372 is
1421 3311 1534 3372 tene-

793 3415 860 3477 tur
883 3417 1101 3496 praestere.

433 3556 521 3621 Inter
543 3554 683 3638 auspicia
705 3554 755 3618 sui
770 3553 977 3646 magistratus
991 3555 1076 3619 iuret
1098 3552 1214 3638 prioris
1230 3550 1390 3616 semestris
1405 3550 1543 3628 Decano,

346 3665 402 3726 aut
424 3682 460 3726 eo
483 3681 547 3724 non
570 3659 740 3744 praesenti,
763 3659 908 3743 proximo
932 3659 997 3722 eius
1020 3657 1219 3736 antecessori,
1243 3677 1349 3721 coram
1371 3656 1545 3740 spectanti·

346 3768 406 3832 bus
427 3766 465 3830 de
480 3765 588 3829 eodem
604 3763 744 3836 Consilio
759 3762 950 3829 Doctoribus
965 3765 1130 3829 omnibus:
1152 3761 1252 3841 Velle,
1276 3761 1359 3845 quod
1374 3761 1413 3825 ad
1429 3762 1547 3824 utrius-

348 3894 408 3956 que
431 3870 510 3934 iuris
531 3869 671 3933 studium
694 3873 726 3934 et
740 3869 944 3952 praecipuum
961 3868 1209 3932 emolumentum
1225 3870 1353 3950 spectet,
1378 3866 1549 3952 diligenter

347 3980 380 4041 et
403 3974 511 4041 sedulo
533 3996 651 4053 curare,
675 3995 801 4038 omnem
825 3973 929 4038 delato
961 3973 1023 4038 sibi
1045 3955 1170 4038 inuneri
1193 3993 1321 4057 operam
1344 3971 1493 4036 adhibere
1517 3976 1549 4035 et

347 4083 555 4163 undecunque
585 4080 736 4144 damnum
759 4077 887 4161 aliquod
910 4077 1075 4141 imminere
1096 4077 1219 4154 uideat,
1254 4076 1306 4141 uel
1328 4075 1548 4154 Vniuersiteti,

347 4187 399 4252 uel
421 4183 526 4251 studio
548 4187 675 4250 nostroe
698 4183 879 4260 Facultatis,
905 4181 984 4246 illud
1006 4203 1063 4266 pro
1087 4181 1172 4246 uirili
1193 4205 1250 4247 sue
1280 4203 1384 4248 arcere
1406 4185 1439 4245 et
1460 4201 1549 4245 amo·

347 4292 409 4357 liri.
455 4289 544 4365 Quod
572 4290 600 4353 si
622 4288 768 4354 Decsnus
798 4289 901 4351 morte
930 4285 1123 4369 interceptus
1153 4286 1193 4351 ab
1223 4286 1328 4351 officio
1359 4308 1415 4350 suo
1445 4285 1547 4364 cadat,

349 4418 440 4462 suum
461 4399 569 4459 tamen
599 4395 628 4458 ei
651 4393 802 4458 salarium
824 4391 946 4467 cedito,
977 4390 1003 4453 si
1027 4390 1068 4454 ob
1091 4391 1219 4475 priuata
1240 4391 1369 4477 negotia
1391 4391 1430 4454 nd
1452 4389 1549 4453 finem

349 4501 508 4570 semestris
531 4500 580 4564 sui
602 4498 770 4564 abluturus
792 4498 835 4562 sit
857 4496 917 4560 hoc
939 4496 1067 4581 oppido,
1091 4518 1193 4561 nouus
1215 4497 1276 4562 iste
1298 4498 1331 4561 in
1354 4497 1458 4560 locum
1482 4495 1549 4559 eius
1572 4529 1585 4550 ι
