3442 5314
339 453 380 518 14
608 451 633 505 4.
663 449 822 520 raparum
842 451 922 506 surra
939 427 1004 508 vom
1023 452 1064 507 ra.
1083 451 1154 507 nov.
1175 451 1251 507 nro.

337 609 404 674 iure
425 611 613 693 patronatus
634 609 784 692 predicto,
808 611 994 693 presentari,
1018 615 1050 676 et
1072 611 1111 676 ad
1135 611 1405 696 presentacionem
1429 610 1540 676 huius·

337 713 422 778 modi
454 713 581 776 institui
612 712 781 788 deberent,
813 713 925 778 exinde
948 715 1096 797 predictis
1119 719 1151 778 et
1173 714 1306 780 aliorum
1329 715 1542 798 predictorum

337 818 476 884 locorum
507 815 802 882 eircumuicinorum
833 818 945 882 incolis
975 822 1007 883 ct
1036 819 1270 885 habitatoribus
1293 820 1475 886 uolentibus
1507 821 1551 884 in·

337 923 472 989 sciencia
487 922 646 1006 proficere,
667 943 784 1008 magna
800 923 975 988 comodites
987 924 1134 990 studendi
1148 929 1313 1008 pararetur
1328 928 1359 990 et
1374 923 1543 990 eemndem

338 1028 532 1094 studentium
558 1027 761 1111 postmodum
793 1028 936 1094 doctrina
966 1033 998 1093 et
1020 1030 1154 1096 sciencia
1177 1031 1211 1095 in
1234 1018 1408 1096 Civitatum
1429 1029 1542 1100 Terra-

339 1157 412 1200 rum
443 1138 477 1198 ct
505 1133 645 1198 locorum
667 1133 881 1217 predictorum
903 1134 1063 1218 regimen,
1096 1134 1231 1219 fideique
1253 1135 1406 1200 catholice
1428 1156 1542 1219 propa·

341 1239 505 1325 gasionem
529 1259 625 1320 quam
647 1237 778 1321 plurimi
800 1238 923 1303 fructus
946 1239 1160 1323 prouenirent.

431 1343 533 1418 Quare
557 1364 615 1428 pro
630 1345 722 1426 parte
738 1341 814 1406 dicti
836 1341 1011 1410 Eberhardi
1026 1345 1158 1409 Comitis
1180 1345 1272 1410 nobis
1294 1345 1357 1409 fuit
1379 1344 1544 1414 humiliter

340 1449 573 1535 supplicatum,
608 1449 645 1510 ut
676 1447 710 1510 in
740 1447 865 1530 prefato
897 1448 992 1532 opido
1023 1449 1198 1534 Tuwingen
1222 1449 1369 1516 Studium
1399 1449 1544 1536 generale

342 1573 603 1640 quarumcunque
626 1550 814 1618 facultatum
837 1553 966 1638 erigere,
991 1576 1027 1618 ac
1042 1555 1142 1619 eidem
1161 1555 1206 1620 sic
1227 1559 1330 1620 erecto
1351 1555 1544 1639 parochiales

341 1659 485 1726 eeclesias
507 1655 645 1742 prefatas
675 1661 826 1741 perpetuo
850 1659 951 1735 unire,
975 1664 1142 1725 annectere
1175 1665 1207 1724 et
1229 1662 1446 1745 incorporare,
1479 1659 1545 1725 Nec

342 1785 405 1829 non
438 1763 514 1826 duos
538 1761 748 1826 canonicatus
777 1765 810 1826 et
840 1762 972 1826 totidem
1002 1765 1179 1848 prebendas
1210 1765 1348 1830 eiusdem
1369 1765 1496 1830 ecclesie
1518 1764 1545 1826 si

343 1891 422 1953 opus
444 1866 541 1930 fuerit
563 1865 775 1949 supprimere,
807 1888 843 1930 uc
866 1871 1002 1950 quatuor
1023 1869 1102 1934 alios
1125 1867 1335 1936 Canonioatus
1359 1875 1391 1935 et
1414 1869 1545 1934 totidem

344 1972 518 2059 prebendas
540 1971 658 2036 ibidem
681 1971 719 2034 de
742 1993 825 2035 nouo
848 1972 984 2057 erigere,
1008 1975 1136 2058 illisque
1157 1975 1202 2039 sie
1225 1977 1335 2040 erectis
1358 1999 1417 2060 pro
1438 1996 1546 2039 eorum

344 2079 417 2144 dote
440 2079 560 2142 fructus
583 2075 723 2140 redditus
746 2081 777 2140 ct
800 2081 972 2160 prouentus
996 2079 1151 2144 dictorum
1175 2080 1471 2166 supprimendorum
1487 2077 1545 2142 Ca·

344 2184 550 2249 nonicotuum
572 2185 604 2244 et
627 2179 856 2264 prebendarum
878 2183 967 2266 equis
990 2185 1191 2266 porcionibus
1209 2185 1368 2269 applicare
1391 2189 1423 2248 et
1445 2183 1546 2268 assig-

346 2309 429 2367 nare,
453 2291 487 2352 et
507 2286 591 2370 quod
613 2287 652 2350 od
675 2284 885 2352 canonicatus
912 2291 945 2352 et
967 2289 1140 2374 prebendas
1163 2291 1319 2374 predictos
1342 2289 1487 2354 videlicet
1509 2290 1547 2352 de

345 2417 429 2460 nouo
459 2392 625 2478 erigendos
649 2390 790 2467 Qnatuor
818 2393 966 2478 magistri
996 2395 1191 2473 inertibus,
1226 2395 1266 2460 ad
1295 2395 1374 2459 alius
1396 2415 1470 2458 vero
1492 2392 1546 2457 alii

346 2499 407 2562 riri
430 2497 513 2562 docti
543 2501 575 2560 et
597 2497 729 2580 ydonei,
763 2497 818 2580 qui
840 2519 949 2564 omues
978 2499 1012 2562 iu
1036 2501 1172 2585 predicta
1198 2500 1326 2566 ecclesia
1347 2499 1439 2563 modo
1461 2497 1546 2562 infra

345 2603 466 2686 scripto
490 2602 696 2668 residenciam
718 2602 820 2668 facere
842 2607 1019 2682 teneantur,
1047 2605 1086 2669 ad
1108 2605 1260 2690 regendas
1283 2603 1453 2672 cathedras
1475 2625 1546 2686 prc-

346 2708 465 2786 dictas,
489 2711 526 2772 ut
549 2707 723 2791 prefertur,
755 2711 787 2771 et
809 2727 873 2772 non
898 2709 951 2773 alii
976 2711 1151 2793 presentari
1174 2711 1323 2788 debeant,
1355 2713 1494 2773 statuere
1516 2711 1548 2772 et

347 2813 503 2891 ordinare,
527 2834 562 2876 ac
586 2813 664 2877 alias
689 2813 722 2877 in
746 2814 906 2896 premissis
929 2819 1084 2898 oportune
1100 2815 1274 2899 prouidere,
1298 2815 1336 2878 de
1351 2813 1548 2896 benignitate

346 2917 520 3003 apostoliea
543 2917 757 3001 dignaremur.

435 3021 503 3087 Nos
527 3022 626 3106 igitur
655 3023 710 3106 qui
734 3022 853 3086 dudum
885 3023 969 3088 inter
991 3023 1053 3088 alia
1084 3025 1243 3088 noluimus
1266 3029 1298 3088 et
1321 3024 1547 3102 ordinauimus,

347 3129 436 3205 Quod
459 3131 601 3210 petentes
623 3126 774 3191 beneficia
795 3127 1005 3192 ecclesiastica
1036 3129 1107 3192 aliis
1130 3128 1213 3194 vniri
1236 3132 1420 3192 tenerentur
1441 3128 1547 3214 expri-

348 3255 433 3298 mere
455 3253 564 3296 verum
586 3231 724 3294 valorem
747 3235 813 3294 tam
834 3230 978 3296 beneficii
1010 3232 1140 3296 uniendi
1163 3255 1257 3316 quarn
1280 3232 1367 3298 illius
1392 3232 1442 3296 cui
1465 3231 1550 3296 uniri

349 3341 517 3423 peteretur,
542 3335 681 3419 alioquin
706 3337 780 3400 vnio
803 3359 867 3400 non
890 3337 1026 3401 valeret:
1066 3336 1275 3402 Attendentes
1298 3338 1380 3422 quod
1403 3361 1441 3402 ex
1463 3337 1550 3402 litte·

348 3465 456 3507 rarum
479 3441 583 3504 studio
607 3441 783 3506 animarum
805 3441 901 3505 saluti
918 3441 1100 3518 consulitur,
1124 3443 1324 3527 insurgentes
1339 3443 1552 3507 controuersia

349 3547 545 3624 deciduntur,
574 3567 635 3628 pax
659 3550 691 3608 et
714 3546 930 3629 tranquillitas
954 3547 1037 3610 inter
1059 3547 1208 3611 mortales
1231 3553 1457 3631 procurantur,
1483 3548 1551 3610 lici-

349 3657 419 3718 tum
451 3651 490 3716 ab
518 3650 630 3716 illicito
658 3649 861 3728 discernitur,
893 3651 985 3715 bonis
1017 3651 1138 3736 premia
1168 3657 1200 3716 et
1226 3652 1367 3737 reprobis
1398 3651 1553 3736 supplicia

349 3757 589 3842 dispensantur,
622 3759 654 3820 et
681 3755 745 3820 alia
774 3759 840 3819 tarn
873 3755 1000 3838 publica
1033 3777 1129 3839 quana
1159 3757 1285 3839 priuata
1314 3756 1493 3840 spiritualia
1521 3760 1554 3818 et

347 3862 538 3949 temporalia
553 3860 682 3924 comoda
696 3859 815 3924 mundo
831 3861 1042 3943 proueniunt:
1065 3861 1292 3926 Vniuersitatis
1307 3861 1446 3946 predicte
1466 3861 1552 3925 fruc·

349 3973 442 4032 tuum
464 3967 644 4032 reddituum
667 3971 700 4029 et
721 3968 933 4048 proventuum
963 3987 1071 4030 verum
1099 3966 1238 4031 valorem
1260 3989 1401 4030 annuum
1423 3987 1553 4049 presen-

350 4073 436 4136 tibus
460 4091 518 4155 pro
540 4092 687 4155 expresso
710 4069 878 4135 habentes:
911 4067 954 4134 Et
983 4071 1122 4135 eiusdem
1144 4069 1276 4136 Comitis
1300 4070 1458 4136 laudabile
1479 4093 1553 4155 pro-

350 4177 492 4262 positum
515 4176 696 4241 huiusmodi
726 4175 901 4260 plurimum
931 4175 1114 4240 indumine
1138 4175 1410 4240 commendantes:
1442 4175 1553 4239 huius·

350 4281 435 4345 modi
459 4281 747 4366 supplicacionibus
778 4281 940 4360 inclinati,
973 4281 1157 4346 discrecioni
1180 4285 1282 4346 vestre
1305 4301 1361 4366 per
1383 4281 1556 4366 apostolica

352 4385 472 4471 scripta
503 4385 707 4466 mandamus,
739 4385 889 4468 quatinus
913 4407 983 4463 vos,
1008 4386 1159 4465 selduc,
1186 4390 1242 4451 aut
1263 4408 1343 4450 unns
1366 4390 1505 4449 vestrum
1527 4387 1554 4448 si

352 4490 494 4575 predicta
525 4511 600 4556 vera
622 4492 838 4574 compereritis
867 4491 901 4556 in
925 4492 1048 4575 prefato
1078 4492 1172 4576 opido
1194 4492 1371 4576 Tuwingen
1395 4491 1554 4574 perpetuis
