3504 5322
633 470 852 540 Verordnungen
872 471 947 526 1488.
1322 469 1384 536 377

278 632 360 698 Item
389 632 484 716 ijdem
506 631 719 698 Conuentoras
752 650 814 692 vna
843 651 913 693 cum
935 632 1024 694 sexto
1047 629 1167 695 scilicet
1191 633 1386 713 resumptorc

192 744 287 824 atque
309 739 491 826 collegiatis
524 760 579 803 sue
608 737 656 802 vie
690 735 827 800 habeant
858 735 974 821 eligere
996 734 1185 821 Magistrum
1208 735 1385 819 pedago-

191 843 268 929 gio
300 845 529 929 presidentem,
566 841 745 929 poteritque
788 841 993 930 pedagogista
1024 840 1099 926 eligi
1133 841 1169 905 de
1202 861 1387 924 quacunque

191 949 351 1015 facultate.

491 1121 544 1186 De
566 1123 736 1188 actibus
758 1121 1077 1188 Conuentorum.

278 1263 428 1331 Deceterc
451 1263 537 1328 omni
559 1262 610 1327 dic
633 1261 781 1346 (demptis
805 1262 899 1327 certis
922 1261 959 1325 de
983 1262 1096 1346 quibus
1119 1261 1216 1346 infra)
1248 1261 1385 1326 habean-

195 1371 248 1432 tur
271 1369 304 1432 in
327 1368 427 1434 Bursa
449 1369 587 1452 quinque
609 1366 776 1444 exercitia,
807 1367 984 1450 primum
1007 1371 1038 1430 et
1060 1368 1206 1453 generale
1229 1368 1261 1432 in
1284 1367 1387 1452 logica

193 1477 262 1538 arte
284 1474 381 1540 veteri
409 1477 440 1538 et
471 1494 554 1536 noua
584 1493 640 1556 per
669 1470 779 1536 horam
808 1494 864 1555 per
886 1472 1046 1556 integrum
1077 1495 1211 1552 annum,
1242 1473 1279 1537 ad
1303 1471 1385 1556 quod

198 1579 352 1644 confluere
375 1579 512 1644 habeant
533 1577 667 1642 scolares
690 1581 722 1642 et
744 1577 940 1660 baccalaurij.
994 1575 1224 1643 Secundum
1247 1578 1280 1642 in
1303 1582 1385 1665 trac-

192 1685 311 1749 tatibus
333 1685 400 1768 peri
422 1683 592 1750 herminias
615 1703 651 1746 ac
672 1683 779 1766 paruis
803 1681 998 1767 logicalibus.

279 1789 467 1854 Tertium
489 1788 522 1852 in
547 1787 610 1851 illis
634 1789 768 1871 quatuor
789 1787 908 1852 scilicet
930 1786 1128 1872 generalibus
1151 1787 1286 1864 Donati,
1319 1808 1385 1852 arn·

195 1895 309 1960 barum
343 1895 481 1979 partium
503 1891 696 1971 Alexandri,
730 1892 942 1957 latinitatibus
965 1915 1000 1958 ac
1023 1893 1223 1979 generalibus
1245 1892 1386 1976 priorum

196 1999 390 2085 logicelium.
435 1999 477 2064 Et
500 1999 557 2063 hee
580 1997 640 2062 duo
662 2019 718 2081 pro
742 1997 913 2062 scolaribus
935 1998 1013 2062 fiant
1034 1998 1099 2063 Sub
1124 1998 1209 2062 horis
1231 2001 1337 2061 tamen
1360 1994 1387 2059 si

197 2105 266 2168 fieri
289 2108 406 2190 potest,
442 2102 555 2189 quibus
584 2104 623 2167 ad
646 2103 752 2166 eadem
774 2102 942 2167 conuenire
964 2109 1093 2187 possent
1115 2102 1325 2184 Baccalaurijs
1359 2099 1384 2164 si

198 2211 253 2294 qui
282 2211 403 2276 fuerint
431 2214 462 2274 et
493 2209 619 2273 vellent.
673 2207 838 2293 Cessetque
868 2208 1050 2274 exercitium
1081 2208 1206 2274 Alberti
1235 2229 1271 2272 ae
1300 2210 1387 2270 aetus

195 2315 348 2394 bursalis,
390 2316 458 2381 loco
488 2335 621 2398 quorum
655 2315 819 2380 amborum
850 2316 983 2381 tercium
1017 2317 1190 2400 predictum
1225 2315 1386 2380 habeatur.

194 2420 390 2496 Quartum
407 2422 441 2484 in
456 2419 545 2485 libris
560 2419 761 2504 phisicorum,
778 2422 1040 2506 degeneratione,
1057 2421 1238 2485 ethicorum.
1263 2418 1385 2494 Quin-

194 2530 239 2591 tu
252 2525 339 2590 min
364 2527 401 2590 de
425 2525 499 2602 celo,
525 2525 562 2590 de
584 2526 699 2603 animo,
724 2527 892 2592 metheoris
915 2531 946 2591 et
968 2528 1074 2610 paruis
1098 2525 1293 2591 naturalibus
1322 2522 1387 2588 Sub

192 2631 278 2696 horis
309 2635 414 2698 tamen
437 2632 555 2697 silleri
578 2635 681 2716 potest
704 2633 737 2695 in
762 2633 874 2715 quibus
897 2634 935 2697 ad
965 2632 1071 2697 eadem
1094 2629 1250 2708 Scolares,
1281 2627 1387 2713 siqui

192 2737 290 2802 abiles
312 2742 416 2804 essent
438 2741 471 2802 et
493 2737 619 2816 vellent,
645 2739 811 2803 conuenire
833 2744 968 2823 possent.
1022 2739 1145 2822 Detque
1167 2736 1302 2802 Scolaris
1332 2756 1387 2819 per

192 2865 312 2907 annum
344 2846 479 2926 quatuor
508 2843 642 2907 florenos
672 2843 714 2906 Et
737 2844 962 2909 Baccalaureus
993 2848 1131 2929 quatuor
1152 2866 1223 2908 cum
1245 2840 1384 2919 dimidiu,

194 2947 348 3032 finitoque
370 2970 453 3012 anno
476 2969 531 3011 sue
553 2949 772 3032 completionis
795 2949 847 3013 det
870 2953 978 3033 postea
1000 2971 1055 3034 per
1077 2949 1293 3014 mutationem.

280 3051 397 3117 Nullus
420 3054 592 3117 conuentor
616 3074 673 3117 nec
696 3057 872 3137 resumplor
903 3053 1080 3118 ordinarius
1104 3076 1160 3118 nec
1182 3051 1389 3137 pedagogista

190 3158 292 3244 possit
315 3179 346 3223 se
377 3159 552 3223 immiscere
581 3158 651 3222 aliis
683 3159 952 3242 resumptionibus
981 3182 1075 3243 quam
1107 3159 1166 3222 sibi
1198 3159 1246 3240 (vt
1268 3157 1386 3222 dictum

190 3265 253 3350 est)
277 3263 442 3348 deputatis.
487 3261 558 3328 Nisi
582 3265 651 3346 quis
675 3266 887 3349 predictorum
909 3263 1038 3328 haberet
1060 3265 1187 3329 iuvenes
1210 3262 1388 3348 specialiter

188 3367 254 3432 sibi
285 3369 499 3433 recommissos
531 3391 550 3432 a
580 3371 764 3454 parentibus
795 3375 850 3434 aut
880 3370 950 3434 aliis
973 3390 1105 3454 quorum
1129 3367 1280 3444 interest,
1311 3370 1389 3431 tuuc

188 3472 276 3545 enim
298 3473 416 3557 poterit
438 3474 552 3539 eisdem
576 3496 732 3540 resumere
754 3476 781 3539 si
804 3475 947 3551 voluerit,
971 3474 1042 3539 dolo
1067 3478 1098 3538 et
1125 3474 1235 3538 fraude
1251 3472 1386 3537 seclusis.

186 3577 242 3641 Sic
266 3588 373 3642 tamen
396 3578 478 3662 quod
501 3601 564 3644 non
587 3585 727 3644 resumat
742 3581 885 3665 pluribus
909 3602 1003 3663 quam
1021 3583 1157 3665 quatuor
1177 3578 1385 3662 Habeantque

188 3683 288 3748 ceteri
311 3681 459 3768 Magistri
490 3707 508 3748 a
539 3687 687 3770 predictis
717 3690 906 3771 potestatem
937 3685 1115 3751 resumendi
1137 3682 1316 3750 Scolaribns
1348 3683 1387 3748 ad

193 3787 468 3854 baccalaureatum
491 3793 546 3854 aut
560 3791 638 3854 alias
653 3793 754 3855 iacere
769 3792 813 3856 eis
829 3791 1059 3876 resumptiones
1076 3789 1221 3873 Demptis
1245 3811 1388 3874 resump-

192 3893 338 3959 tionibus
361 3894 399 3959 nd
423 3895 650 3981 magisterium.

279 3998 357 4064 Item
384 4000 467 4065 inter
491 3999 704 4066 Conuentcres
729 4001 868 4085 quinque
891 4023 1014 4087 semper
1040 4001 1082 4065 sit
1104 4023 1184 4065 unus
1207 4001 1389 4066 ebdoma-

184 4105 339 4169 darius
364 4105 450 4170 euius
472 4107 515 4171 sit
536 4106 638 4172 facere
661 4107 725 4183 illa,
750 4108 885 4191 primo
908 4106 1099 4171 constituere
1125 4106 1235 4191 lupum
1258 4109 1291 4170 et
1313 4127 1390 4171 eun-

183 4209 262 4273 dem
285 4211 398 4294 legere,
422 4211 604 4276 seeundo
627 4209 756 4274 visitare
779 4210 815 4274 de
838 4213 928 4274 nocte
953 4215 1001 4274 ter
1023 4209 1071 4274 vel
1087 4213 1197 4294 qnater
1219 4211 1389 4274 secundum

182 4315 394 4400 exigentiam,
419 4317 550 4381 tertio
573 4339 695 4400 preesse
722 4316 873 4381 clausioni
889 4320 922 4380 et
936 4317 1094 4401 apertioni
1109 4316 1212 4395 burse,
1238 4320 1389 4401 quarto

180 4421 349 4506 presidere
379 4443 485 4486 mense
518 4421 636 4486 bursali
667 4419 739 4486 Nisi
770 4443 807 4485 ex
839 4443 930 4485 causa
962 4421 1059 4486 alium
1095 4421 1147 4504 (ex
1177 4421 1252 4487 solis
1286 4429 1390 4488 tamen

180 4525 453 4610 conuentoribus)
469 4525 650 4604 substituat,
669 4550 718 4612 qu
729 4528 739 4591 i
749 4550 771 4592 n
781 4531 822 4591 to
838 4527 988 4592 suscitare
1004 4527 1136 4592 scolares
1152 4529 1190 4592 ad
1207 4529 1391 4595 exercitium
