3460 5314
332 389 395 453 280
790 381 921 438 Facultas
940 379 1072 435 Juridica.

329 546 413 610 uerit
434 567 490 629 per
511 542 676 608 biennium
700 541 800 626 possit
822 540 958 606 facultas
978 539 1169 624 dispensare,
1192 543 1227 603 vt
1250 538 1283 603 in
1308 542 1442 635 vtroque
1467 538 1537 604 iure

331 652 562 734 promoueatur.

418 751 653 818 Promouendus
686 751 794 834 itaque
816 750 855 814 ad
879 749 1013 835 gradum
1038 749 1165 814 licentia
1195 749 1286 814 adeat
1312 748 1464 814 decanum
1487 749 1536 814 fa·

331 858 458 924 cultatis
480 857 620 934 iuridice‚
645 855 700 940 qui
722 855 930 940 congregabit
952 855 1094 920 doctores
1117 858 1262 940 regentes
1283 855 1318 920 in
1341 876 1397 932 ea,
1429 875 1536 919 eoram

335 964 449 1048 quibus
469 961 574 1047 primo
589 960 682 1037 iuret,
705 963 741 1024 vt
756 981 852 1044 supra
867 960 906 1025 de
917 959 1189 1026 Baecalaureando
1205 961 1393 1045 disponitur,
1416 957 1539 1023 Deinde

334 1068 443 1132 doceat
475 1089 509 1131 se
532 1065 756 1150 compleuisse,
787 1069 822 1129 vt
844 1087 941 1150 supra
963 1065 1162 1150 propositum
1185 1068 1233 1129 est
1255 1067 1420 1130 statutum.
1467 1062 1536 1139 Quo

332 1195 388 1258 per
411 1171 595 1236 facultatem
629 1169 668 1234 ad
699 1191 828 1234 examen
861 1168 997 1235 admisso
1029 1170 1234 1256 designentur
1256 1170 1317 1236 sibi
1340 1172 1537 1254 promotores

332 1281 364 1343 et
386 1279 651 1361 compromotorcs
681 1274 771 1339 iuxta
792 1277 948 1340 statutum
970 1293 1114 1358 sequens.

419 1381 595 1446 Statuimus
611 1379 695 1463 quod
717 1379 1218 1463 promotorprincipalis
1241 1379 1283 1443 in
1306 1380 1396 1444 iure
1418 1400 1536 1444 cano·

333 1488 431 1551 nico
454 1484 640 1550 licentiandi
663 1484 706 1548 sit
728 1482 908 1548 ordinarius
930 1484 1068 1548 eiusdem
1090 1484 1168 1548 iuris
1184 1484 1460 1568 (lompromotores
1482 1484 1538 1548 de·

333 1591 411 1656 bent
437 1611 504 1655 esse
525 1587 677 1654 habentes
708 1589 844 1654 lecturas
874 1610 1030 1654 nouorum
1059 1590 1176 1654 iurium
1200 1593 1233 1655 et
1255 1590 1539 1654 extraordinariam

170 1720 172 1723 ’
289 1729 291 1734 ’
335 1694 414 1761 iuris
440 1694 591 1760 canonici.
638 1693 677 1758 In
701 1694 858 1759 desectum
881 1698 987 1759 autem
1002 1695 1130 1760 illorum
1147 1695 1282 1760 decanus
1305 1715 1363 1779 pro
1386 1697 1538 1778 tempore,

334 1799 362 1864 si
384 1820 449 1863 non
473 1801 521 1863 est
542 1799 580 1862 de
604 1821 736 1864 numero
758 1799 949 1884 legentium,
980 1800 1014 1863 in
1037 1821 1073 1864 eo
1097 1801 1164 1864 iure
1185 1800 1266 1865 alius
1295 1799 1462 1884 precedens
1485 1799 1540 1863 de·

335 1905 408 1969 beat
430 1923 497 1968 esse
528 1926 608 1968 nnus
641 1904 678 1968 de
701 1903 766 1967 illis
796 1904 898 1968 tribus
928 1904 1172 1988 promotoribus.
1218 1904 1444 1968 Promotor
1465 1925 1540 1968 vero

333 2007 598 2093 principalis
621 2008 664 2072 in
697 2007 789 2073 iure
811 2007 936 2073 ciuili
968 2009 1062 2074 debet
1083 2031 1148 2075 esse
1170 2009 1366 2086 ordinarius,
1400 2009 1539 2073 eiusdem

334 2116 600 2195 compromotorcs
627 2134 701 2176 vero
727 2113 871 2178 volumus
894 2136 960 2178 esse
982 2115 1162 2180 obtinentes
1186 2116 1322 2180 lecturas
1344 2114 1380 2178 in
1395 2113 1539 2200 Digestis

335 2220 369 2281 et
380 2215 552 2282 Institutis.
592 2211 630 2281 In
647 2217 803 2283 defectum
818 2240 891 2283 vero
906 2219 1021 2284 habeat
1036 2220 1150 2300 locum,
1167 2220 1250 2304 quod
1267 2242 1363 2303 supra
1378 2219 1491 2283 statuit
1532 2269 1538 2281 .

336 2321 370 2387 Si
392 2343 465 2387 vero
489 2323 721 2406 promouendus
755 2323 864 2408 cupiat
893 2325 1075 2408 promoueri
1106 2326 1139 2389 in
1162 2328 1313 2408 varoque,
1347 2328 1423 2389 tunc
1448 2322 1541 2388 debet

335 2426 451 2493 habere
474 2427 551 2491 duos
573 2431 770 2511 promotores
800 2429 888 2493 etin
912 2429 1054 2512 quolibet
1084 2430 1152 2494 iure
1174 2430 1251 2495 duos
1274 2432 1541 2513 compromotorcs

335 2535 491 2615 utsupra
515 2552 696 2615 expressum
719 2536 775 2596 est.

424 2635 657 2702 Statuimus
680 2638 764 2721 quod
787 2639 1001 2723 promouendo
1024 2639 1160 2703 admisso
1175 2643 1207 2703 et
1229 2638 1463 2724 promotoribus
1486 2639 1541 2704 de·

336 2741 470 2828 signatis
493 2739 680 2806 Ordinarius
703 2763 774 2806 cum
797 2741 868 2806 aliis
889 2742 1124 2826 promotoribus
1156 2742 1320 2828 assignent
1354 2743 1415 2807 sibi
1445 2743 1539 2822 diem,

337 2869 400 2932 quo
422 2867 514 2911 mane
536 2845 598 2909 sibi
629 2850 787 2930 puncta
817 2847 984 2931 designent
1017 2868 1074 2931 pro
1098 2847 1285 2912 examine
1307 2848 1484 2931 priuato
1505 2848 1542 2911 in

337 2975 373 3017 eo
396 2952 473 3030 iure,
497 2950 531 3014 in
554 2971 617 3033 quo
640 2951 819 3034 promoueri
841 2951 1006 3016 desiderat.
1052 2950 1119 3027 Qua
1141 2952 1250 3017 eodem
1272 2950 1322 3016 die
1344 2954 1419 3036 post
1441 2973 1540 3036 pran-

338 3055 426 3120 diam
450 3053 530 3119 hora
553 3053 690 3120 secunda
712 3054 761 3119 vel
784 3057 879 3120 tertia
901 3060 997 3141 prout
1022 3056 1291 3123 examinatoribus
1313 3056 1468 3140 placuerit
1491 3079 1542 3122 re·

338 3160 451 3226 citabit
472 3162 505 3224 et
528 3159 567 3224 ad
591 3182 629 3255 ea
649 3161 860 3245 respondabit.
908 3160 975 3236 Quo
990 3165 1118 3245 peracto
1134 3161 1161 3224 si
1176 3183 1242 3226 non
1257 3182 1366 3226 omnes
1381 3166 1446 3226 tres
1469 3183 1543 3227 eum

338 3266 378 3330 od
399 3264 533 3350 gradum
556 3264 736 3330 huiusmodi
752 3265 961 3331 sufficientem
978 3265 1178 3345 crediderint,
1202 3265 1377 3350 repellatur
1399 3287 1458 3350 pro
1481 3266 1543 3332 hac

336 3372 421 3450 vice,
451 3369 605 3454 premisso
634 3393 691 3455 per
720 3393 772 3436 eos
803 3372 981 3436 iuramento
1012 3371 1096 3456 quod
1118 3393 1177 3436 nec
1201 3369 1273 3435 odio
1295 3392 1353 3436 nec
1375 3392 1481 3437 amore
1503 3372 1544 3436 ad

336 3475 397 3541 hoc
433 3478 628 3540 moueantur.
690 3473 725 3541 Si
758 3497 832 3541 vero
869 3496 978 3541 omnes
1012 3481 1077 3542 tres
1107 3475 1202 3541 simul
1232 3498 1304 3541 eum
1334 3476 1543 3542 sufficientem

339 3579 569 3658 iudicauerint,
611 3583 764 3662 poterunt
797 3582 930 3647 eundem
964 3583 1091 3647 domino
1124 3581 1318 3647 Cancellario
1352 3586 1543 3666 presentare,

340 3706 447 3750 coram
479 3706 541 3768 quo
572 3684 610 3750 de
632 3685 771 3750 eiusdem
801 3688 993 3753 sufficieutia
1024 3687 1213 3774 prestabant
1242 3687 1455 3752 iuramentum
1476 3708 1544 3752 cre·

339 3788 494 3855 dulitatis.
534 3787 602 3864 Quo
628 3789 712 3854 facto
737 3791 882 3856 dominus
907 3791 1118 3858 Cancellarius
1143 3793 1262 3877 aperiet
1284 3793 1345 3857 sibi
1379 3813 1544 3856 examen

338 3895 557 3980 publicum
585 3895 781 3980 designando
813 3897 893 3962 diem
927 3903 959 3962 ct
989 3898 1102 3964 horam
1131 3919 1188 3982 pro
1211 3898 1339 3981 punctis
1369 3897 1469 3962 eidem
1492 3919 1544 3962 as·

342 3999 517 4085 signandis.

426 4102 508 4179 Quo
538 4105 602 4171 die
632 4105 819 4172 adueniente
852 4107 1063 4174 licentiandus
1094 4107 1219 4172 manius
1252 4129 1313 4192 quo
1345 4107 1415 4171 fieri
1437 4111 1544 4191 potest

340 4209 487 4295 disponat
510 4210 573 4296 legi
597 4211 727 4276 missam
749 4212 787 4277 de
810 4213 927 4298 spiritu
950 4217 1069 4290 sancto,
1093 4212 1144 4277 cui
1160 4213 1311 4277 intersint
1328 4213 1448 4298 singuli
1471 4213 1544 4278 doc-

340 4319 425 4382 tores
449 4317 482 4381 in
504 4317 656 4384 facultate
677 4321 833 4404 regentes,
855 4318 994 4385 oblaturi
1016 4317 1055 4383 ad
1079 4318 1178 4383 altare
1200 4319 1237 4382 de
1252 4318 1402 4402 peccunia
1416 4339 1544 4404 promo-

339 4421 442 4488 uendi.
469 4421 569 4490 Missa
582 4447 656 4491 vero
670 4430 798 4509 peracta
813 4427 935 4491 intrent
951 4426 1093 4491 doctores
1108 4424 1291 4491 Sacristiam
1306 4427 1339 4488 et
1352 4423 1399 4488 ibi
1413 4422 1497 4489 inter
1513 4445 1547 4488 se
