3504 5322
699 465 1403 532 sternumentis)

209 629 306 696 fuerit
328 628 494 696 dednotum
508 649 574 694 unu
587 629 729 696 breuiore
744 629 906 696 declamat
882 633 969 696 trono
985 625 1099 704 dsoem
1124 626 1269 716 longiore
1286 623 1405 757 soripts

210 733 326 820 uiginti
349 739 598 819 compensantur.
643 734 758 801 Sedt
727 739 758 800 et
781 738 929 820 quartum
951 733 1012 798 ite·

294 839 349 906 Au
372 841 537 925 quatuor
528 863 561 906 m
585 841 850 926 disputationibus
873 839 1098 926 Magistrorum
1120 837 1270 904 assederit
1289 857 1404 924 propo-
1510 863 1513 870 ’

208 944 342 1012 eitonam
364 947 503 1031 capitum
525 946 677 1012 defensor.

295 1049 453 1119 Praetores
482 1051 684 1120 iureiurando
717 1050 874 1116 deuinciet
906 1055 1054 1134 utrosque
1082 1047 1225 1116 Deosuus
1260 1069 1405 1132 passuros

211 1176 334 1222 omnem
359 1160 507 1222 euentum
528 1156 726 1224 eomitiorum
749 1178 850 1240 neque
872 1157 900 1221 si
913 1155 1072 1241 repulsam
1095 1154 1237 1233 tulerint,
1261 1158 1316 1219 aut
1337 1175 1404 1219 om·

210 1259 287 1324 uiuo
310 1283 330 1326 a
352 1262 504 1347 petitione
533 1261 650 1328 exclusi
672 1261 756 1340 sint,
789 1261 868 1326 iram
899 1265 955 1326 aut
986 1259 1159 1326 uindictam
1181 1281 1215 1324 ae
1236 1262 1406 1347 usurpatu-

209 1385 260 1430 ros
283 1387 358 1432 esse.

297 1471 376 1536 Cum
399 1492 473 1536 uero
496 1473 581 1536 oerta
609 1471 723 1555 aliquis
753 1470 790 1536 de
812 1493 904 1538 eausa
926 1470 1061 1536 honores
1091 1471 1221 1536 celerius
1248 1471 1309 1536 sibi
1331 1491 1405 1536 eou-

211 1576 400 1660 sequendos,
430 1597 531 1660 neque
553 1576 716 1646 decursum
747 1577 895 1661 praefiniti
921 1579 1073 1661 temporis
1096 1577 1323 1664 expectandum
1345 1597 1404 1659 pu-

211 1681 298 1760 tarit,
321 1681 422 1747 fauere
444 1680 587 1748 Deesnus
609 1681 646 1746 de
662 1681 791 1747 Consilii
815 1682 971 1747 sententia
993 1683 1119 1767 poterit,
1142 1685 1180 1747 ut
1201 1680 1405 1767 priuilegium

216 1787 245 1852 ei
267 1786 455 1852 eoncedente
475 1787 571 1852 etism
593 1785 787 1852 Oanoellario
809 1787 959 1852 oonoedat
990 1792 1064 1853 ante
1085 1793 1212 1873 tempus
1235 1809 1326 1852 sumn
1348 1807 1403 1870 pe·

212 1892 310 1970 teudi,
332 1913 390 1976 pro
412 1914 475 1977 qno
495 1893 662 1978 exigentur
683 1892 758 1957 fisoo
781 1890 1024 1960 Oommnnitatis
1049 1893 1149 1958 studii
1181 1892 1274 1958 huius
1298 1892 1331 1956 in
1355 1912 1403 1956 re·

212 1997 345 2082 quisitos
368 1997 511 2084 singulos
533 2019 656 2062 menses
677 1997 794 2083 singuli
810 1997 930 2062 denarii
954 1998 986 2062 id
1008 2001 1057 2063 est
1072 1998 1201 2064 enudati
1216 2002 1295 2063 uoto.
1331 1995 1405 2061 Nisi

211 2106 343 2188 propter
363 2103 553 2168 tenuitatem
576 2101 677 2168 aliane
699 2103 738 2167 de
759 2123 852 2167 eausa
874 2101 996 2167 remitti
1019 2103 1085 2168 hese
1112 2124 1235 2168 summa
1257 2125 1294 2168 ex
1317 2105 1406 2186 perte

123 2192 126 2200 ’
209 2207 261 2272 uel
289 2208 384 2272 otiam
414 2211 483 2272 toto
513 2209 624 2274 debere
652 2209 813 2288 uideatur,
848 2231 912 2273 non
941 2213 1049 2274 tamen
1073 2211 1144 2295 plus
1167 2209 1320 2274 trimestri
1342 2227 1405 2273 uno

210 2313 388 2392 remittere,
423 2335 459 2379 ao
489 2313 516 2379 si
547 2315 622 2398 quid
644 2313 775 2380 ulterius
799 2319 924 2398 petatur
945 2314 1145 2382 Baooalsurei
1177 2315 1230 2398 qui
1257 2313 1326 2378 fieri
1348 2333 1404 2376 uo·

210 2417 279 2482 lent
307 2419 345 2482 ed
369 2418 595 2485 Vniuersitatis
627 2416 818 2496 Consilium,
850 2419 904 2502 qui
934 2417 1082 2505 Magistri
1115 2419 1154 2483 ad
1177 2417 1405 2483 Uanoellarium

211 2522 359 2610 ablegare
390 2525 514 2590 debent.
569 2523 665 2589 Aetas
697 2524 824 2608 quidem
853 2546 954 2608 neque
982 2524 1121 2589 tenerior
1151 2515 1253 2608 neque
1284 2522 1404 2589 firmior

212 2629 269 2694 ulli
291 2651 392 2714 neque
414 2630 517 2696 oberit
538 2651 639 2715 neque
662 2629 813 2714 proderit,
837 2629 889 2693 sed
912 2629 1047 2694 honores
1071 2631 1198 2717 ingenio
1221 2651 1257 2695 eo
1279 2628 1312 2692 in
1336 2632 1404 2692 stu·

214 2734 274 2799 diis
296 2735 569 2820 progressionibus
592 2757 655 2800 uon
678 2734 770 2799 aunis
792 2733 1007 2798 decernentur.

297 2837 399 2904 Nemo
430 2840 619 2925 discipulum
650 2862 741 2904 suum
770 2861 834 2904 non
866 2839 1013 2904 idoneum
1035 2839 1247 2924 adpetendos
1270 2838 1405 2903 honores

211 2945 370 3030 producat.
416 2944 488 3010 Non
510 2945 615 3011 idonei
647 2951 752 3010 autem
774 2947 939 3010 censentur
968 2944 1060 3010 rudes
1091 2947 1218 3030 penitus
1242 2944 1405 3009 literarum

211 3055 306 3136 atque
328 3050 445 3116 artium
468 3051 583 3137 ignari,
606 3050 757 3135 improbi,
789 3050 894 3134 legum
917 3054 951 3114 et
970 3049 1100 3114 uirtutis
1123 3050 1327 3134 neglectores,
1350 3070 1405 3134 pe·
1519 3144 1536 3171 0

210 3155 359 3232 tolentes,
381 3155 551 3236 libidinosi,
576 3155 709 3222 infames
729 3156 869 3242 flagitiis,
893 3155 1034 3233 audaoes,
1057 3155 1241 3240 pulsatores.

308 3261 414 3346 Atque
445 3265 517 3346 post
554 3263 619 3328 haeo
650 3261 756 3326 omnia
785 3265 911 3345 peraeta
877 3260 1069 3326 tadmissi
1105 3261 1245 3377 pendent
1274 3259 1403 3345 singuli,

211 3368 266 3452 qui
294 3365 495 3434 Baooaleurei
524 3367 592 3432 fieri
626 3367 755 3444 uolent,
791 3367 962 3432 cruciatos
978 3369 1135 3450 quatuor,
1170 3364 1225 3448 qui
1259 3363 1407 3450 Magistri

211 3472 352 3558 duplum.

301 3579 377 3644 Post
399 3579 465 3644 haee
487 3579 680 3664 praefiniatur
702 3575 884 3642 Candidatis
906 3577 982 3655 dies,
1005 3598 1068 3661 quo
1091 3577 1181 3660 quasi
1204 3576 1237 3642 in
1259 3595 1406 3658 eampum

213 3683 403 3750 descendant
425 3684 545 3770 ingenii
567 3689 600 3748 et
621 3683 806 3748 eruditionis
829 3704 901 3747 suae.
945 3682 1028 3747 Tum
1051 3681 1214 3767 inquisitio
1237 3680 1406 3746 demanda-

212 3790 299 3854 bitur
328 3791 362 3854 in
392 3789 516 3854 futuos
538 3789 762 3857 Baooalaureos
792 3789 1022 3874 professoribus
1051 3788 1216 3854 literarum
1238 3789 1333 3870 atque
1355 3807 1405 3850 ar·

211 3896 292 3961 tium
314 3895 458 3980 publicis.

297 4001 337 4066 In
359 4000 531 4087 Magistros
552 4003 675 4066 fuuaos
697 4005 841 4084 quatuor,
865 3999 1051 4083 sicquidem
1067 4003 1104 4064 ut
1127 3999 1181 4083 qui
1204 3998 1300 4063 semel
1323 3997 1406 4062 beno

213 4108 411 4194 prouinciam
441 4108 613 4192 gesserint,
644 4107 710 4170 illis
740 4109 855 4171 iterum
878 4127 940 4169 non
966 4105 1130 4182 trudatur,
1161 4103 1223 4168 nisi
1246 4123 1317 4167 oum
1340 4105 1407 4166 toto

215 4233 346 4278 numero
368 4212 596 4298 Magistrorum
620 4217 807 4297 consumpto
829 4212 866 4276 ad
889 4211 1010 4295 priores
1032 4211 1127 4275 series
1149 4210 1218 4293 ipsa
1239 4207 1375 4272 redierit.

301 4319 435 4383 Initium
458 4323 562 4384 autem
586 4320 625 4384 ab
649 4323 741 4384 aetate
761 4316 1009 4402 proueotioribus
1032 4339 1068 4381 ao
1083 4316 1239 4402 dignitate
1253 4315 1407 4399 praestan-

216 4424 350 4490 tioribus
381 4424 523 4509 sapietur
553 4428 647 4509 atque
678 4424 723 4490 ita
757 4424 941 4509 procedetur
971 4421 1089 4487 ordine.
1143 4418 1287 4485 Deeanus
1319 4418 1407 4483 dabit
