3442 5314
351 462 393 527 54
692 459 718 514 8.
748 455 882 512 Statuten
900 473 964 512 vom
982 457 1006 510 9.
1026 453 1090 510 Okt.
1110 455 1186 510 1477.

439 619 521 684 Item
536 618 706 682 statuimus
719 620 751 681 ct
766 611 1029 700 irrefragabiliter
1051 611 1213 678 obseruari
1225 615 1382 692 uolumus,
1405 619 1440 679 vt
1455 635 1554 679 mem·

263 727 264 732 ’
349 727 405 792 bra
428 728 461 790 ct
483 721 648 808 supposita
680 717 897 786 uniuersitatis
927 717 1076 782 honestos
1107 715 1335 783 clericales
1363 721 1404 783 et
1425 716 1554 782 acola-

348 829 480 894 sticos
502 809 677 893 habitus
700 825 854 902 deferant,
878 844 942 887 non
958 821 1058 886 nimia
1079 819 1235 886 breuitate
1258 827 1314 886 aut
1336 822 1400 887 alia
1422 821 1553 886 leuitate

347 931 524 1009 notandos,
557 931 637 996 Cum
659 929 766 1014 palliis
789 951 808 994 a
829 932 921 1013 parte
944 925 1150 1014 pectoralium
1174 929 1248 990 ante
1270 925 1337 990 siue
1359 949 1378 990 a
1400 925 1553 990 lateribus

350 1035 491 1122 appertis
514 1040 550 1100 vt
572 1056 684 1120 corpus
708 1033 917 1118 detegendum
939 1032 1093 1097 videatur.
1139 1029 1207 1096 Nec
1223 1053 1287 1096 non
1302 1053 1373 1097 cum
1389 1031 1553 1097 habitibus

347 1139 565 1226 schupcrnm¹
589 1139 623 1204 in
645 1139 808 1223 publicum
830 1137 993 1222 prodeant
1018 1135 1223 1202 calciamenta
1246 1141 1392 1215 rostrata,
1415 1136 1553 1202 maxime

346 1246 498 1312 habentia
520 1249 586 1309 rost
587 1267 623 1310 ra
572 1243 816 1310 tarticulum
840 1243 934 1328 digiti
908 1241 1140 1307 texcedentia
1166 1240 1267 1306 Arma
1288 1263 1414 1326 quoque
1436 1244 1469 1306 et
1491 1263 1551 1326 pu·

338 1352 457 1470 giones
480 1349 646 1435 accipitres
670 1348 755 1414 nisos
778 1352 833 1412 aut
855 1347 933 1412 alias
949 1347 1091 1412 volucres
1112 1367 1175 1410 non
1199 1346 1351 1412 deferant.
1396 1347 1476 1413 Cum
1498 1367 1551 1410 ca-

345 1456 446 1542 puciis
469 1454 667 1521 clericalibus
683 1457 715 1518 et
737 1450 950 1539 liripipiatis²
973 1456 1005 1516 et
1027 1451 1105 1516 alias
1128 1452 1268 1516 modeste
1289 1450 1492 1537 honesteque,
1517 1456 1552 1516 vt

346 1560 527 1625 scolasticos
560 1560 667 1636 decet,
699 1557 857 1623 incedant.
911 1556 1000 1633 Quod
1035 1557 1062 1621 si
1095 1557 1252 1641 quispiam
1287 1557 1321 1621 in
1353 1561 1422 1622 toto
1444 1558 1524 1623 vel'
1514 1581 1548 1622 rn

345 1667 436 1748 parte
457 1663 571 1727 statuti
592 1661 686 1726 huius
709 1665 852 1746 repertus
874 1661 972 1726 luerit
957 1664 1211 1746 ttransgressor‚
1236 1683 1319 1746 pena
1341 1664 1453 1746 quarte
1476 1685 1549 1747 par·

345 1766 388 1831 tis
409 1767 520 1832 floreui
544 1766 662 1831 totiens
685 1765 832 1849 quotiens
855 1765 1110 1850 nansgrediatur
1124 1765 1296 1832 mulctetur
1312 1765 1360 1832 De
1382 1787 1445 1851 quo
1467 1789 1549 1832 vaus

346 1871 465 1938 solidus
487 1871 611 1938 notario
635 1875 666 1937 ct
688 1872 810 1957 pedello
833 1871 932 1948 cedat,
956 1871 1116 1936 residuum
1138 1893 1212 1936 vero
1234 1871 1310 1937 fisco
1332 1871 1549 1938 vniuersitatis

348 1977 533 2062 applicetur.

434 2080 514 2146 Item
537 2087 573 2147 vt
594 2081 725 2166 prelatis
747 2081 966 2160 ecclesiarum,
999 2082 1197 2166 superiorum
1219 2080 1407 2146 facultatum
1430 2081 1548 2150 Docto·

350 2185 437 2250 ribus
461 2190 492 2250 et
515 2187 586 2251 aliis
617 2187 650 2251 in
674 2185 831 2271 dignitate
854 2185 1056 2262 constitutis,
1086 2186 1120 2248 in
1151 2183 1210 2251 hoc
1233 2185 1348 2250 celebri
1370 2188 1547 2271 gymnasio,

344 2291 565 2374 prestantioris
595 2290 725 2356 honoria
747 2287 952 2374 prerogatiua
974 2289 1144 2367 deferatur,
1170 2289 1354 2369 statuimus,
1378 2293 1415 2354 vt
1437 2290 1547 2356 nullus

344 2394 406 2460 nisi
434 2396 592 2479 prelatas,
621 2395 739 2460 iuriam
770 2396 826 2458 aut
857 2393 1011 2458 medicine
1042 2391 1176 2470 Doctor,
1210 2393 1386 2460 (laconicus
1414 2395 1547 2461 alicuius

343 2498 471 2564 ecclesie
499 2499 692 2564 kathedralis
716 2502 771 2563 aut
793 2498 870 2562 alias
893 2498 1082 2563 excellenter
1104 2498 1220 2563 nobilis
1244 2499 1377 2578 existat,
1411 2499 1546 2566 birre-

344 2607 425 2667 tum
448 2603 619 2668 rubeum
642 2605 762 2669 delerat
784 2602 851 2668 Nec
872 2603 972 2688 aliqui
995 2605 1058 2668 nisi
1081 2603 1233 2669 Doctores
1263 2607 1295 2668 et
1326 2604 1443 2669 artium
1465 2604 1545 2670 libe-

343 2708 458 2773 ralium
488 2708 654 2795 Magistri,
688 2709 901 2792 cuiuscunque
931 2709 1028 2774 etiam
1057 2708 1170 2774 coloris
1192 2708 1331 2786 fuerint,
1362 2708 1547 2776 birreta

343 2812 542 2877 rotunda
572 2813 693 2878 deferre
722 2817 906 2898 presumant
938 2812 996 2878 sub
1026 2834 1106 2898 pena
1138 2835 1234 2897 supra
1256 2813 1290 2878 in
1314 2815 1447 2879 articulo
1470 2837 1545 2900 pro-

342 2915 427 2981 ximo
449 2937 604 3000 expressa.

434 3019 568 3086 Nullum
589 3021 723 3104 denique
738 3021 956 3086 uniuersitatis
976 3023 1174 3107 suppositum
1191 3024 1325 3088 scolares
1341 3045 1545 3111 quoscunque

345 3124 445 3189 scolas
468 3125 673 3209 particulares
695 3124 788 3190 huius
808 3125 947 3191 ciuitatis
963 3127 1139 3206 visitantes,
1163 3127 1383 3194 vexationibus
1399 3151 1542 3216 grauate,

344 3234 401 3294 aut
422 3229 494 3295 aliis
517 3230 643 3296 iniuriis
665 3231 733 3295 siue
756 3231 955 3296 contumeliis
986 3232 1081 3298 verbo
1103 3233 1152 3297 vel
1176 3232 1260 3296 sacto
1282 3233 1449 3300 molestare
1471 3259 1544 3320 pre-

342 3338 446 3400 sumat
468 3335 528 3400 sub
551 3358 633 3421 pena
655 3359 711 3420 per
724 3335 890 3402 Rectorem
913 3337 1003 3402 iuxta
1024 3358 1165 3402 excessus
1192 3340 1287 3421 atque
1309 3337 1385 3404 facti
1407 3341 1544 3424 qualita-

343 3441 409 3504 tem
431 3439 613 3526 infligenda.

431 3542 564 3626 Insuper
579 3543 705 3608 nullum
721 3545 821 3629 ipsius
843 3545 1061 3611 uniuersitatis
1078 3547 1277 3631 suppositum
1294 3549 1442 3628 nouitios,
1466 3573 1544 3636 qnos

341 3647 507 3713 beanos
529 3652 654 3726 vocant,
678 3650 899 3714 vexationibus
923 3652 1071 3716 molestet
1094 3651 1244 3717 indebitis
1266 3656 1322 3717 aut
1344 3653 1544 3738 aliquatenus

340 3751 503 3835 perturbet
525 3752 584 3816 sub
606 3775 689 3837 pena
711 3754 833 3818 dimidii
855 3755 977 3835 florem,
1002 3779 1097 3840 quam
1113 3757 1219 3842 eoipso
1243 3758 1401 3836 incurrat,
1425 3761 1543 3828 maiore

339 3854 531 3939 plectendus,
556 3857 583 3922 si
608 3858 745 3942 qualitas
767 3881 910 3925 excessus
933 3861 1151 3944 postulauerit.
1197 3861 1258 3927 Per
1281 3863 1341 3928 hoc
1363 3868 1468 3929 tamen
1490 3888 1542 3932 ar·

339 3983 436 4047 gnere
457 3962 599 4027 volentes
620 3963 747 4043 eisdem,
772 3965 852 4031 citra
874 3971 979 4031 tamen
1005 3966 1165 4044 iniuriam,
1189 3987 1253 4030 non
1276 3966 1488 4051 prohibemus.

426 4066 501 4132 Alia
534 4067 596 4132 huc
625 4069 825 4152 applicentur
855 4068 995 4154 capitula
1024 4069 1107 4134 circa
1129 4072 1250 4134 statuta
1271 4069 1472 4137 intitulandis
1495 4075 1541 4139 le·

338 4172 441 4256 genda
463 4171 644 4256 conscripta
661 4170 684 4236 ³.

339 4327 546 4336 ὴ-

410 4397 421 4449 l
444 4401 567 4451 wtmser.
639 4398 655 4452 2
674 4398 728 4452 mit
746 4399 932 4470 Gugelaipfel.
1003 4402 1020 4455 3
1039 4419 1060 4454 s.
1080 4403 1168 4455 unten
1185 4401 1211 4457 S.
1231 4403 1274 4458 58.
