3442 5314
313 393 354 456 22
407 397 413 410 “
655 391 681 443 4.
704 387 864 460 Ptpstliche
883 389 964 444 Bnlle
983 405 1047 444 rom
1067 387 1109 444 13.
1127 387 1199 444 Nor.
1224 389 1299 442 1476.

313 548 461 613 omnibus
495 547 561 613 snis
588 549 710 614 iuribus
740 551 771 614 et
806 549 1009 634 pertinenciis
1039 547 1161 633 pretate
1190 549 1236 614 sic
1270 549 1304 612 in
1338 549 1516 637 Tuwingen

313 659 414 720 erecte
443 654 643 720 rainereitati
673 677 732 740 pro
754 655 890 720 faciliori
918 677 1050 720 onerum
1080 659 1113 720 et
1135 675 1345 738 expensarum
1376 657 1516 722 eiusdem

313 761 478 845 presertim
510 760 706 826 sellariorum
737 760 866 825 illorum
897 760 953 845 qui
983 759 1146 825 cathedras
1178 781 1236 843 pro
1270 763 1413 845 tempore
1436 761 1516 826 inibi

312 870 429 952 regunt
459 867 720 951 supportacione,
753 888 887 950 qnorum
918 865 1051 930 interest
1080 867 1246 928 accurrente
1277 887 1449 942 consensu,
1479 889 1516 931 ac

313 969 510 1054 presencium
534 975 643 1036 tenore
664 970 696 1034 in
720 969 768 1034 dei
792 969 921 1036 nomine
943 969 1069 1034 vnimus
1092 968 1290 1035 annectimus
1313 974 1345 1034 et
1366 970 1514 1055 incorpo-

312 1097 419 1140 ramus
441 1095 611 1160 earumque
633 1073 776 1140 omnium
798 1077 831 1138 et
852 1072 1051 1157 singularum
1075 1071 1197 1136 fructus
1221 1071 1361 1138 redditus
1385 1073 1424 1139 et
1439 1097 1513 1159 pro-

312 1183 427 1244 uentus
449 1183 620 1244 memorate
649 1177 850 1246 vniuemitati
883 1182 915 1242 et
938 1178 971 1242 in
996 1177 1052 1242 illa
1074 1177 1257 1262 regentibus
1280 1181 1312 1242 et
1333 1178 1514 1263 legentibus

314 1288 465 1370 perpetuo
495 1284 743 1370 appropriamus,
775 1284 916 1348 volentes
938 1287 972 1348 et
1002 1281 1201 1367 presentibus
1225 1285 1401 1348 statuentes
1425 1283 1515 1359 Quod

314 1390 497 1456 sedentibus
531 1389 582 1455 uel
613 1389 833 1454 decedentibus
864 1389 1004 1472 ipsarum
1037 1387 1282 1471 parrochialiurn
1315 1388 1516 1454 ecclesiarum

313 1494 500 1560 Rectoribns
530 1517 585 1559 seu
616 1493 694 1560 alias
724 1494 796 1558 illas
827 1491 982 1558 Ecclesiae
1016 1491 1251 1576 quomodolibet
1280 1493 1515 1558 dimittentibus

315 1601 411 1666 liceat
433 1623 471 1666 ex
494 1604 570 1665 tune
592 1600 693 1664 eidem
715 1599 916 1664 vuinemitati
938 1620 993 1682 per
1015 1619 1049 1662 se
1072 1597 1121 1662 uel
1148 1597 1243 1662 alium
1269 1619 1323 1662 seu
1345 1597 1424 1662 alios
1447 1619 1516 1662 cor·

315 1704 455 1790 poralem
478 1705 724 1789 parrochialium
746 1703 947 1770 ecclesiarum
975 1702 1155 1784 iuriumque
1184 1703 1216 1765 et
1250 1703 1517 1786 pertinenciarum

315 1809 485 1874 earundem
515 1811 743 1894 possessionem
772 1809 901 1894 propria
932 1807 1121 1872 auctoritate
1152 1806 1250 1872 libere
1273 1807 1515 1897 apprehendere,

317 1917 350 1978 et
372 1913 512 1998 ipsarum
535 1914 780 2000 parrochialium
802 1913 1001 1979 ecelesiarum
1026 1913 1147 1978 fructus
1163 1911 1303 1976 redditus
1326 1916 1358 1977 et
1380 1933 1517 1996 prouen-

315 2021 368 2081 tus
391 2017 425 2081 in
448 2017 530 2082 dicte
551 2018 767 2084 vniuersitatis
790 2039 863 2082 vsns
885 2021 918 2082 et
942 2015 1112 2081 utilitatem
1143 2021 1326 2082 conuertere
1348 2019 1381 2081 et
1403 2037 1515 2101 perpe-

316 2125 372 2186 tuo
394 2123 539 2202 retinere,
562 2122 722 2188 diocesani
744 2121 803 2188 loci
827 2125 859 2186 et
882 2121 1021 2186 cuiusuis
1044 2120 1174 2185 alterius
1190 2121 1321 2186 licencia
1342 2143 1436 2206 super
1458 2121 1518 2186 hoc

317 2226 450 2292 minime
476 2227 637 2313 requisita.

403 2333 449 2398 Vt
470 2338 576 2400 autem
599 2335 736 2419 predicte
759 2332 969 2418 parmohiales
992 2332 1119 2398 ecclesie
1142 2331 1257 2396 debitis
1279 2353 1343 2396 non
1368 2330 1515 2396 frauden-

319 2442 372 2503 tur
395 2438 553 2522 obsequiis
575 2444 606 2505 et
629 2441 808 2506 animarum
829 2461 905 2504 cnra
925 2438 959 2502 iu
982 2438 1047 2502 illis
1065 2459 1129 2502 non
1146 2437 1338 2522 negligatur,
1361 2436 1517 2502 reseruari

316 2545 348 2606 et
371 2542 526 2628 assignari
550 2543 692 2608 volumus
708 2565 743 2610 ec
759 2542 957 2628 presentibus
973 2541 1161 2606 auctoritate
1176 2541 1348 2626 apostoliea
1370 2563 1511 2606 reserua-

316 2667 387 2711 mns
409 2650 442 2710 et
464 2647 662 2732 assignamus
689 2648 813 2712 vicariis
843 2646 1005 2731 perpetuis
1035 2668 1094 2730 pro
1123 2650 1266 2732 tempore
1288 2646 1444 2710 dictarum
1467 2667 1517 2711 ec-

316 2751 483 2816 clesiarum
514 2753 603 2818 iuxta
632 2754 771 2818 cuiusuis
802 2753 929 2818 ecclesie
959 2751 1161 2816 habitudines
1197 2756 1230 2816 et
1263 2751 1519 2815 circumstancias

317 2856 500 2939 porcionem
521 2879 706 2942 congruam,
730 2859 813 2922 unde
835 2879 868 2922 se
883 2859 1070 2933 sustentare,
1085 2857 1165 2934 ‚iura
1180 2855 1372 2942 episcopalia
1387 2855 1517 2932 soluere,

318 2963 350 3024 et
381 2960 444 3026 alia
474 2963 535 3026 sibi
565 2965 688 3028 ratione
718 2963 805 3027 illius
835 2962 961 3026 ecclesie
992 2961 1210 3026 incumbencia
1240 2981 1337 3026 onera
1359 2961 1520 3024 commode

318 3069 504 3149 supportare
526 3072 645 3151 queant
667 3074 698 3134 et
721 3091 829 3133 eorum
854 3067 987 3152 quilibet
1018 3071 1113 3152 queat
1141 3070 1236 3150 atque
1266 3067 1375 3150 possit.
1414 3065 1519 3141 Quod·

319 3191 379 3254 qne
401 3169 485 3235 inter
507 3176 577 3236 octo
599 3175 802 3240 canonicatus
835 3179 868 3238 et
890 3172 1065 3257 prebendas
1089 3193 1167 3255 quos
1190 3171 1312 3254 pridem
1338 3171 1422 3236 dicta
1444 3191 1516 3234 aue·

319 3274 449 3340 toritate
479 3275 516 3340 de
548 3278 677 3344 ecelesia
698 3279 806 3344 Sancti
830 3277 962 3342 Martini
993 3277 1028 3340 in
1050 3275 1269 3360 Sindelfingen
1303 3275 1335 3338 in
1360 3275 1520 3340 eeclesiam

320 3379 549 3462 parrochialem
564 3383 666 3447 sancti
677 3383 782 3448 Georii
800 3384 832 3447 in
849 3385 1065 3467 suprataetum
1081 3381 1210 3465 cpidum
1221 3380 1398 3464 Tuwingen
1413 3382 1519 3444 trans-

319 3482 468 3563 tulimus,
500 3486 561 3550 dno
584 3491 786 3554 canonicatus
810 3493 841 3553 et
864 3488 997 3553 totidem
1021 3487 1178 3571 prehende
1202 3485 1235 3548 in
1261 3485 1368 3550 eadem
1391 3481 1520 3548 ecclesia

319 3587 509 3671 parrochiali
524 3593 741 3676 supprimendi
757 3593 822 3658 sint
837 3597 870 3658 et
884 3593 1100 3678 extinguendi,
1125 3613 1202 3676 quos
1218 3596 1255 3655 ut
1270 3591 1325 3668 sic,
1349 3589 1424 3653 dum
1447 3586 1519 3652 illos

319 3713 429 3758 vacare
453 3698 686 3780 quomodolibet
709 3699 896 3784 contigerit,
928 3720 986 3782 pro
1010 3719 1094 3762 nuno
1116 3700 1211 3782 prout
1242 3697 1395 3771 extunc,
1429 3696 1462 3758 et
1483 3713 1520 3757 ex

319 3799 397 3862 tunc
418 3803 514 3882 prout
536 3824 574 3866 ex
596 3824 681 3868 nuno
704 3805 919 3889 extinguimus
941 3809 974 3868 et
996 3803 1234 3888 supprimimus,
1258 3804 1291 3866 et
1306 3822 1344 3863 ex
1360 3798 1422 3864 hiis
1437 3798 1521 3874 Qua·

320 3904 394 3967 tuor
415 3904 494 3968 alios
516 3909 736 3988 canonicatus,
767 3913 799 3974 et
821 3909 962 3985 Quatucr
994 3907 1168 3994 prebendas
1190 3906 1229 3970 de
1254 3926 1336 3970 nouo
1358 3903 1520 3987 erigimus,

322 4029 358 4072 ac
379 4031 437 4092 pro
459 4010 587 4077 illorum
610 4019 647 4078 nt
669 4015 714 4079 sic
736 4015 960 4100 erigendorum
976 4012 1227 4079 Canonicatnnm
1242 4014 1274 4074 et
1290 4007 1522 4093 prebendarum

322 4112 403 4191 dcte,
426 4114 546 4181 fruetus
570 4118 710 4184 redditus
732 4123 763 4184 et
785 4125 959 4205 prouentus
985 4119 1143 4184 dictorum
1167 4135 1407 4200 suppresseram
1420 4111 1522 4177 Cano·

321 4216 484 4284 nicatuum
506 4223 539 4285 et
560 4225 791 4306 prebendarum
813 4225 902 4309 equis
925 4222 1129 4309 porcionibus
1145 4221 1344 4305 applicamus
1366 4221 1399 4282 et
1421 4215 1522 4298 assig-

322 4343 444 4401 namus,
467 4323 520 4391 Sic
541 4329 624 4412 quod
647 4330 686 4394 ad
703 4329 914 4396 Canonicatus
938 4333 969 4394 et
993 4327 1168 4412 prebendas
1191 4325 1349 4409 predictos
1374 4320 1523 4406 quociens

322 4426 394 4492 illos
416 4431 577 4514 perpetuis
599 4432 718 4500 futuris
740 4435 937 4519 temporibus
961 4451 1070 4496 vacare
1093 4429 1282 4516 contigerit,
1315 4425 1461 4492 videlicet
1483 4423 1523 4488 ad
1639 4443 1642 4448 ⁴
