3460 5314
687 449 803 504 Statuta
821 447 898 504 1497.

596 677 653 742 De
675 674 979 762 promouendis.

276 815 452 882 Statuimua
475 816 559 899 quod
580 815 614 880 in
629 814 959 880 Baccalaureum
981 815 1132 880 medicine
1147 815 1266 900 phisica
1281 815 1386 882 nullus

192 928 413 1009 promoueatur
435 920 509 986 Nisi
523 922 664 987 docuerit
685 943 719 986 se
741 921 774 986 in
791 920 1000 985 uniuersitate
1015 920 1217 1006 priuilegiata
1239 923 1387 988 lectiones

192 1029 226 1094 in
248 1029 355 1094 eadem
386 1028 541 1094 audiuisse
572 1027 612 1093 ad
634 1028 711 1093 duos
747 1047 847 1092 annos
869 1024 1019 1109 Quodque
1042 1025 1285 1110 disputationem
1308 1029 1387 1114 pub-

191 1134 287 1199 licam
308 1134 343 1198 in
365 1132 520 1198 medicina
534 1134 643 1198 fecerit
665 1133 774 1198 fraude
795 1133 930 1217 doloque
951 1131 1078 1197 semotis
1100 1131 1138 1195 In
1154 1132 1295 1220 chirogia
1316 1156 1388 1200 vero

196 1238 378 1304 ordinamus
402 1261 499 1304 vnum
522 1261 639 1304 annum
663 1260 734 1302 cum
757 1237 971 1322 disputatione
993 1235 1158 1322 chirogica.

277 1343 431 1409 Volumus
464 1348 569 1410 tamen
601 1345 684 1428 quod
707 1345 741 1409 in
764 1342 943 1408 medicinali
969 1342 1119 1407 facultate
1142 1364 1234 1408 nemo
1256 1348 1386 1428 cogatur

194 1449 440 1527 baccalaureari,
470 1472 547 1536 ,ymo
578 1450 661 1535 quod
693 1449 807 1514 omisso
836 1447 1072 1512 baccalaureatu
1105 1445 1246 1530 (decurso
1281 1454 1386 1514 tamen

193 1559 334 1639 tempore
355 1554 506 1638 requisito
528 1560 560 1620 et
581 1555 685 1620 studio
700 1553 840 1639 expleto)
862 1553 1023 1618 licentiam
1039 1553 1178 1636 adipisci,
1203 1554 1388 1620 doctoralia·

195 1684 256 1746 que
278 1660 420 1747 insignia
441 1661 584 1726 obtinere
606 1661 715 1746 possit.

280 1765 363 1831 Item
391 1765 608 1832 Baecalaureis
637 1766 789 1830 medicine
819 1763 1033 1848 iniungimus,
1065 1764 1093 1828 si
1122 1764 1162 1828 ad
1184 1763 1333 1830 alteriora
1354 1765 1387 1830 in

193 1871 253 1936 hac
275 1869 425 1935 facultate
446 1870 591 1949 tendunt,
616 1871 697 1954 quod
721 1891 847 1935 curarim
869 1868 1041 1952 aliquema
1063 1869 1213 1934 facultate
1235 1870 1388 1954 deputan-

194 1976 271 2041 dum
293 1975 496 2060 adimpleant.

284 2079 431 2165 Amplius
453 2079 650 2160 ordinamus,
681 2085 716 2146 vt
738 2081 772 2146 in
801 2079 1075 2146 licentiatum
1097 2079 1252 2145 medicine
1273 2081 1391 2166 phisice

198 2209 291 2252 nemo
315 2192 547 2271 promoueatur,
569 2187 633 2252 nisi
655 2187 732 2253 duos
755 2187 896 2273 integros
912 2185 1046 2250 audierit
1067 2206 1175 2249 cursus
1197 2186 1231 2250 in
1254 2187 1392 2253 theorica

200 2295 233 2356 et
254 2291 387 2357 totidem
418 2293 452 2356 in
475 2293 614 2377 practica
640 2297 711 2378 post
740 2291 789 2356 sui
810 2290 1028 2376 magisterium
1058 2291 1091 2354 in
1112 2291 1232 2355 artibus
1254 2291 1416 2378 Suasque'

199 2397 323 2482 publice
344 2397 453 2464 fecerit
476 2397 712 2482 disputationes.
763 2395 852 2471 Quod
885 2395 1051 2459 aientium
1074 2393 1226 2480 Magister
1253 2419 1316 2462 non
1339 2399 1391 2476 sit,

203 2499 282 2585 pluri
305 2502 429 2567 studeat
451 2505 593 2586 tempore
607 2500 680 2566 Nisi
702 2501 740 2566 de
762 2501 827 2566 eius
843 2501 1024 2586 ydoneitate
1045 2500 1189 2566 facultati
1204 2504 1391 2583 constiterit,

204 2607 318 2690 poterit
340 2607 425 2671 enim
447 2610 523 2672 tunc
546 2628 651 2673 secum
674 2629 767 2692 super
789 2607 844 2670 illo
866 2606 1049 2690 dispensari.

284 2710 318 2777 Si
345 2733 418 2778 vero
450 2712 533 2776 vltra
564 2711 597 2776 id
626 2713 721 2777 etiarn
743 2712 777 2776 in
800 2711 998 2795 chirogia
1028 2713 1205 2796 promoueri
1228 2714 1390 2794 desiderat,

199 2815 342 2880 addimus
366 2817 448 2900 quod
470 2818 510 2882 ad
538 2817 643 2883 minus
672 2839 734 2882 vno
757 2840 840 2883 anno
871 2817 1018 2882 lectiones
1050 2817 1084 2881 in
1114 2817 1255 2906 chirogia
1285 2819 1392 2884 audire

202 2921 313 2986 debeat
338 2927 370 2988 et
392 2923 527 3007 practice
549 2923 683 2988 doctoris
706 2924 866 2988 interesse.
911 2921 943 2987 Si
967 2925 1073 2987 tamen
1105 2923 1139 2987 in
1162 2925 1229 2989 sola
1251 2924 1392 3010 chirogia

199 3027 378 3112 promoueri
394 3027 490 3112 cupit,
514 3028 690 3106 statuimus,
712 3027 794 3112 quod
809 3049 865 3111 per
881 3027 957 3092 duos
973 3049 1072 3092 annos
1088 3028 1236 3094 lectiones
1252 3029 1392 3115 chirogie

200 3132 253 3197 hic
275 3134 324 3197 vel
346 3133 381 3197 in
403 3133 466 3198 alia
487 3133 690 3220 priuilegiata
713 3135 918 3199 uniuersitate
939 3133 1074 3198 audierit
1096 3133 1265 3218 diligenter
1286 3135 1392 3218 dispu-

199 3239 398 3322 tationesque
427 3238 567 3324 publicm
596 3238 769 3325 chirogicas
801 3238 911 3303 fecerit
945 3243 976 3302 et
999 3237 1215 3303 auothomiam
1237 3238 1303 3304 siue
1326 3261 1393 3304 cor-

200 3343 286 3428 poris
309 3343 617 3409 dismembrationem
649 3345 716 3409 fieri
739 3343 872 3421 viderit,
905 3347 1000 3428 prout
1025 3342 1108 3407 infra
1128 3343 1257 3408 dicetur.
1304 3344 1396 3409 Hanc

202 3448 287 3512 enim
310 3449 371 3513 sibi
388 3450 489 3536 magis
505 3449 710 3515 necessariam
727 3449 801 3525 fore,
827 3449 920 3535 plane
933 3452 1065 3514 constat.
1100 3447 1273 3514 Statuimus
1289 3451 1394 3528 etiam,

208 3556 244 3617 vt
265 3553 300 3617 in
322 3553 381 3619 hac
403 3559 513 3620 nostra
533 3554 684 3619 facultate
705 3554 884 3638 promoueri
906 3554 1046 3619 volentes
1070 3557 1143 3618 ante
1164 3555 1324 3621 licentiam
1345 3558 1396 3621 vel

208 3658 444 3744 insigniorum¹
467 3659 676 3745 receptionem
699 3660 733 3724 in
755 3660 848 3744 opido
872 3659 1048 3746 Tuwingen
1077 3682 1132 3744 per
1162 3683 1195 3725 se
1226 3661 1396 3746 practicare

204 3785 268 3828 non
290 3768 474 3848 presumant
493 3763 514 3829 ².
560 3764 793 3830 Nichilominus
818 3765 1013 3851 iniungimus
1036 3766 1167 3844 eisdem,
1199 3769 1233 3829 vt
1256 3767 1396 3832 doctores

203 3867 237 3931 in
260 3868 398 3952 practica
420 3875 593 3953 sequantur
615 3871 653 3936 ad
675 3871 781 3936 minus
797 3871 922 3957 integro
938 3893 1021 3936 anno
1044 3876 1076 3936 et
1097 3872 1137 3936 ab
1160 3871 1203 3936 eis
1226 3872 1397 3957 practicam

204 3972 372 4058 diligenter
394 3975 521 4040 videant
544 3977 761 4060 etaddiscant
786 3977 935 4061 Quodque
965 3978 1049 4042 intra
1071 3977 1175 4042 menia
1196 3977 1289 4044 huius
1310 3979 1396 4043 vrbis

204 4099 297 4142 nemo
319 4079 359 4143 ad
380 4081 619 4164 practicandum
641 4083 828 4148 admittatur
850 4081 923 4148 Nisi
954 4083 1104 4148 doctor
1132 4083 1225 4148 huius
1247 4085 1297 4150 vel
1319 4085 1398 4150 alte-

204 4183 271 4247 rius
294 4184 495 4271 priuilegiate
524 4187 737 4254 uniuersitatis
760 4189 799 4253 In
828 4211 890 4272 qua
920 4188 1088 4275 diligenter
1114 4189 1262 4254 exercitia
1283 4193 1315 4254 et
1337 4190 1398 4254 lec-

281 4411 294 4466 1
313 4410 474 4482 insignium.
545 4413 703 4483 separarer
721 4417 837 4472 Zusata:
863 4417 914 4471 sub
932 4433 1004 4488 pena
1022 4434 1078 4473 non
1095 4415 1278 4474 admissionis.

266 4516 395 4558 Urkuudeu
409 4518 450 4559 der
464 4518 493 4560 U.
506 4518 634 4572 Tublngcn.
1159 4505 1193 4562 20
