3462 5320
329 447 393 511 208
694 440 737 494 ll.
757 439 890 494 Statutan
908 439 935 493 d.
954 437 988 493 U.
1007 455 1062 496 von
1082 438 1161 493 1537.

330 601 466 686 placide,
496 597 644 682 praefecto
673 597 899 682 disputationis
929 620 969 662 ne
1000 596 1190 661 aduersator.
1246 593 1314 668 Qua
1344 593 1470 676 quidem
1494 593 1528 655 in

329 708 418 790 parte
441 702 565 768 consilii
586 701 707 787 publici
730 701 791 766 erit
815 702 849 766 in
872 703 1090 787 delinquentes
1104 700 1272 765 arbitraria
1286 697 1527 763 animaduersio.

415 807 564 872 Externis
579 828 616 871 ac
631 805 808 892 peregrinis
821 807 1051 891 disputationes
1067 805 1183 869 habere
1199 803 1356 887 aliamque
1372 801 1533 886 publicam

330 913 528 978 functionem
550 933 657 996 gerere
680 911 763 996 apud
788 934 846 976 nos
868 911 1032 976 nonlicet.
1080 908 1182 985 Quare
1194 908 1257 992 'qui
1280 929 1318 971 ex
1339 907 1404 971 illis
1427 929 1535 991 capes·
1583 995 1588 998 -

333 1040 400 1084 sere
422 1016 580 1093 uoluerit,
614 1015 696 1081 hanc
726 1017 850 1102 copiam
879 1017 940 1081 sibi
971 1017 1130 1080 factama
1160 1013 1291 1078 consilio
1314 1035 1378 1077 suae
1402 1013 1535 1097 quisque

334 1121 540 1209 professionis
562 1121 686 1187 habeat.

375 1369 432 1435 De
454 1368 651 1435 Consilio
675 1364 990 1430 Vniuersitatis
1009 1323 1183 1430 'Scholae
1205 1365 1327 1430 huius
1349 1386 1431 1449 cap.
1456 1367 1485 1427 6.

423 1542 621 1626 Respublica
639 1538 787 1604 Consiliis
810 1541 842 1602 et
857 1538 1099 1624 Magistratibus
1122 1561 1225 1603 carere
1240 1561 1306 1604 non
1320 1543 1462 1623 possunt,
1486 1541 1539 1601 ut-

338 1670 397 1732 que
421 1647 453 1710 in
478 1647 571 1711 domo
595 1643 859 1730 patremfamilias
883 1648 915 1707 et
937 1643 1067 1721 herum,
1092 1644 1138 1708 ita
1160 1645 1194 1708 in
1217 1646 1311 1709 rebus
1333 1644 1468 1730 publicis
1490 1665 1539 1706 se-

337 1757 463 1816 natores
488 1756 520 1816 et
542 1751 700 1835 principes
724 1771 791 1814 esse
813 1771 938 1814 necesse
961 1753 1017 1814 est.
1073 1749 1239 1813 Publicum
1272 1751 1372 1836 igitur
1394 1749 1539 1814 Consi-

336 1858 457 1936 lium,
489 1878 551 1940 quo
581 1857 650 1939 ipsa
681 1854 776 1938 plane
798 1853 998 1920 Vniuersitas
1028 1855 1122 1920 huius
1144 1854 1265 1921 Scholae
1287 1859 1540 1940 repraesentetur,

337 1960 483 2046 quodque
513 1982 672 2024 summum
705 1959 763 2036 sit,
810 1960 849 2023 ad
879 1959 964 2024 hunc
994 1960 1124 2024 modum
1153 1961 1363 2026 constituetur
1392 1965 1425 2024 et
1459 1959 1540 2023 cele·

337 2065 493 2130 brabitur.

426 2169 600 2235 Consilium
622 2169 786 2253 publicum
809 2173 841 2234 et
856 2193 1014 2234 summum
1036 2172 1209 2256 explebunt
1223 2193 1331 2236 omnes
1350 2170 1542 2262 professores

339 2275 493 2339 maiorum
517 2297 554 2340 ac
577 2274 786 2357 superiorum,
810 2278 846 2339 ut
870 2277 1032 2355 uocantur,
1056 2277 1305 2361 disciplinarum,
1329 2298 1400 2340 cum
1415 2273 1541 2339 Decano

339 2379 466 2444 Artium
489 2379 693 2463 professionis
727 2384 759 2443 et
782 2379 902 2446 duobus
935 2383 972 2445 de
1004 2381 1135 2445 consilio
1167 2381 1254 2445 illius
1286 2381 1394 2446 electis
1417 2381 1457 2445 ad
1479 2379 1542 2445 hoc

338 2483 511 2571 Magistris.
550 2485 594 2550 Hi
617 2507 688 2550 cum
715 2507 764 2549 res
786 2485 866 2550 feret
881 2486 1054 2550 solenniter
1076 2489 1298 2564 conuocant0r‚
1322 2487 1359 2550 de
1381 2487 1543 2573 proposito

339 2589 467 2676 negotio
493 2589 696 2654 deliberaturi
721 2591 911 2655 sententiam
934 2591 1040 2676 rogati
1055 2591 1191 2655 fideliter
1213 2591 1352 2657 dicunto.
1397 2593 1437 2657 In
1459 2593 1543 2676 quod

339 2698 446 2759 autem
470 2695 610 2778 plurium
634 2697 801 2758 sententia
837 2695 1062 2772 conuenerint,
1098 2695 1125 2757 it
1147 2700 1250 2758 ratum
1274 2695 1464 2781 firmumque
1485 2695 1542 2759 ha-

339 2800 438 2864 betor.
495 2799 529 2864 si
558 2800 706 2883 inpares
731 2799 904 2863 sententias
928 2799 1119 2864 consultatio
1143 2798 1246 2864 diuisa
1267 2799 1379 2879 suerit,
1412 2800 1542 2864 alterius

339 2904 442 2970 utrius
465 2905 584 2988 partie,
619 2905 670 2968 cui
692 2905 809 2970 Rector
832 2929 921 2970 suam
953 2906 1142 2984 adiunxerit,
1174 2907 1327 2971 autoritas
1350 2908 1464 2971 ualeto.
1510 2905 1544 2970 Si

341 3010 413 3092 quis
438 3008 557 3094 publici
580 3011 704 3075 consilii
726 3016 851 3076 senator
874 3013 1047 3076 solenniter
1068 3016 1197 3076 vocatus
1219 3033 1283 3076 non
1298 3012 1433 3088 affuerit,
1457 3011 1544 3074 illius

343 3114 486 3179 absentia
508 3116 797 3195 constitutionibus,
821 3117 973 3195 decretis,
997 3117 1205 3181 decisionibus
1228 3116 1311 3180 nihil
1333 3116 1461 3180 efficito.
1511 3115 1545 3180 Si

340 3217 424 3302 quod
447 3219 574 3283 illorum
596 3220 733 3304 aliquem
756 3223 929 3308 negotium,
954 3223 990 3286 de
1014 3243 1077 3306 quo
1099 3223 1133 3285 in
1156 3221 1286 3286 consilio
1310 3223 1444 3305 agatur,
1468 3219 1546 3284 atti·

342 3325 425 3409 gerit
447 3324 514 3389 siue
536 3325 699 3409 proprium
734 3327 833 3411 ipsius
855 3328 969 3406 fuerit,
1001 3327 1220 3393 deliberationi
1242 3328 1297 3391 ille
1319 3349 1359 3391 ne
1382 3328 1544 3404 interesto,

343 3452 379 3495 ao
401 3430 536 3494 secedite
560 3431 725 3515 tantisper,
751 3433 825 3497 dum
849 3434 887 3498 de
911 3457 945 3498 re
968 3434 1069 3518 ipsius
1091 3436 1272 3518 peragatur.

429 3534 463 3600 si
493 3537 563 3618 quis
594 3541 719 3602 senator
743 3537 874 3603 consilio
903 3539 945 3602 sit
968 3543 1090 3616 motus,
1120 3539 1187 3602 siue
1217 3537 1362 3622 perpetui
1391 3559 1446 3602 seu
1470 3536 1547 3603 certi

342 3642 496 3728 temporis
522 3643 711 3722 exclusione,
737 3645 763 3707 is
780 3644 881 3729 igitur
896 3642 1013 3722 abesto,
1037 3665 1138 3726 neque
1153 3641 1396 3707 tractationibus
1411 3641 1546 3725 publicis

344 3767 409 3810 sese
432 3747 578 3832 ingerite.
625 3747 756 3822 Quodsi
779 3749 908 3814 audacia
931 3749 1016 3814 illius
1032 3746 1151 3824 vicerit,
1175 3770 1277 3832 neque
1292 3747 1424 3812 consilio
1440 3748 1547 3811 abesse

344 3874 407 3916 non
433 3850 598 3930 dubitarit,
623 3875 724 3936 neque
747 3853 818 3938 eijci
841 3877 874 3918 se
897 3855 1015 3933 sinerit,
1040 3875 1081 3917 ne
1104 3852 1177 3935 quid
1199 3853 1302 3937 agitor
1318 3853 1374 3916 illo
1389 3857 1544 3938 praesente

344 3977 406 4020 neu
428 3955 636 4041 proponitur,
673 3957 893 4036 constituitor,
929 3957 1099 4036 deciditur,
1134 3957 1160 4020 si
1194 3956 1270 4039 quid
1292 3956 1405 4020 horum
1428 3957 1549 4022 factum

346 4059 452 4139 fuerit,
477 4059 604 4125 irritum
627 4065 659 4124 et
683 4062 776 4126 inane
800 4068 877 4128 esto.

435 4164 615 4231 Sententias
631 4165 798 4234 Senatores
821 4169 926 4254 rogati
948 4168 1059 4232 ordiue
1074 4172 1106 4232 et
1121 4167 1242 4253 placide
1265 4166 1394 4232 dicunto
1417 4167 1550 4232 amale-

348 4267 440 4333 dictis
464 4271 624 4350 conuitiiS,
648 4273 837 4338 clamoribus
860 4273 1117 4338 contentionibus
1140 4273 1339 4352 abstinente,
1363 4273 1397 4336 ni
1419 4273 1552 4338 fecerint

348 4373 480 4437 consilio
506 4376 714 4442 excluduntur
746 4381 778 4440 et
803 4378 936 4441 multam
970 4377 1143 4464 irrogatam
1171 4379 1302 4444 arbitrio
1333 4377 1458 4442 consilii
1487 4379 1552 4442 sol-

349 4482 459 4545 uunto.
534 4509 537 4516 ·
