3460 5314
678 465 792 520 sacua
812 437 886 520 issa
1309 468 1371 532 317

185 628 300 692 Munus
322 625 382 691 boc
395 604 398 610 ¹
412 624 535 688 dicendi
566 627 661 708 atque
683 623 879 707 praesidendi
911 623 1049 708 primum
1071 624 1174 688 senior
1196 646 1234 688 ex
1257 623 1373 689 Docto·

184 733 270 798 ribus
285 731 416 798 Consilii
439 730 536 794 studii
559 728 651 793 huius
674 729 771 806 obito,
796 729 940 812 deinceps
957 729 1009 812 qui
1029 733 1130 793 aetate
1146 731 1196 793 illi
1211 731 1373 815 proximus

184 842 239 914 est,
262 838 359 902 donec
381 837 419 900 ad
441 835 597 900 iuniorem
618 835 787 899 deuentum
809 835 860 899 sit.

454 1061 509 1126 De
531 1061 736 1146 impensis
759 1061 1100 1127 nundinatorem.

661 1220 785 1284 Titulus
808 1218 899 1283 VIII.

269 1359 372 1436 Quum
394 1381 462 1424 mos
485 1358 689 1423 creandorum
712 1357 950 1422 Baculariorum
979 1357 1013 1421 in
1037 1359 1157 1424 medica
1179 1341 1372 1444 professione

185 1470 248 1534 iam
271 1468 388 1533 dudum
410 1489 467 1532 sua
482 1470 593 1552 sponte
609 1465 743 1545 desierit,
767 1486 860 1530 nemo
874 1465 1007 1548 posthac
1022 1464 1061 1530 ad
1077 1465 1210 1530 honores
1223 1468 1373 1550 petendos

181 1572 368 1652 admittitor,
391 1573 454 1636 nisi
476 1572 531 1655 qui
545 1570 720 1637 Licentiam
745 1570 901 1655 simulque
916 1570 1056 1656 insignia
1070 1569 1225 1635 Doctores
1247 1593 1280 1636 se
1295 1571 1375 1635 uelle

184 1679 333 1762 consequi
355 1677 537 1761 promiserit
555 1675 576 1742 ¹.
630 1676 668 1741 In
701 1677 740 1742 iis
762 1697 837 1740 uero
859 1675 1103 1759 consequendis,
1134 1696 1173 1739 ne
1195 1696 1244 1738 res
1266 1677 1375 1760 magni

181 1784 279 1870 precii
301 1786 417 1848 temere
439 1783 629 1867 prostitutae
650 1783 814 1860 uilescant
837 1781 861 1846 ii
884 1785 1028 1865 sumptus
1052 1780 1186 1846 faciendi
1209 1785 1321 1846 eruut:

271 1888 398 1953 Rectori
414 1887 640 1953 Vniuersstatis
662 1886 786 1952 scholae
808 1887 901 1950 huius
924 1887 1087 1976 dimidium
1109 1886 1215 1950 florini
1230 1886 1372 1951 soluitor.

270 1993 400 2059 Aerario
423 1992 650 2058 Vniuersitatis
673 1990 796 2057 scholae
818 1991 911 2056 huius
992 2040 999 2055 .
1045 2041 1051 2056 .
1098 2041 1106 2055 .
1153 2041 1159 2056 .
1204 1992 1272 2057 flor.
1295 1993 1321 2057 I.

270 2099 400 2163 Aerario
422 2095 555 2182 Collegii
577 2098 689 2166 medici
776 2146 1162 2162 ........
1206 2097 1273 2162 flor.
1298 2097 1375 2163 IIII.

268 2203 407 2269 Praesidi
429 2202 650 2288 disputationis
673 2202 939 2268 extraordinariae
990 2253 997 2267 .
1045 2252 1051 2266 .
1099 2251 1106 2266 .
1153 2253 1160 2268 .
1206 2204 1272 2268 flor.
1297 2201 1339 2266 Il.

268 2307 457 2375 Doctoribus
480 2306 612 2373 Consilii
634 2309 731 2374 studii
752 2309 846 2373 huius
880 2357 887 2371 .
934 2357 941 2370 .
988 2357 996 2371 .
1043 2358 1050 2372 .
1096 2358 1103 2372 .
1150 2358 1157 2372 .
1203 2309 1269 2372 flor.
1294 2307 1332 2372 X.

268 2412 450 2478 Conferenti
472 2412 613 2498 insignia
634 2413 779 2478 doctorea
830 2460 1161 2476 .......
1207 2412 1273 2476 flor.
1299 2411 1353 2477 VI.

269 2515 354 2582 Duas
370 2539 494 2602 quoque
508 2518 605 2582 tiaras
620 2523 674 2582 aut
690 2518 859 2583 earundem
873 2518 1009 2601 pretium
1025 2518 1159 2602 siugulis

313 2622 492 2687 doctoribus
515 2622 676 2688 facultatis
690 2619 712 2686 2.

272 2727 421 2792 Ministro
446 2727 572 2810 publIco
617 2777 1166 2794 ...........
1211 2730 1279 2794 flor.
1302 2727 1362 2792 III.

270 2831 548 2897 Examinatoribus
591 2857 619 2896 ·.
667 2883 674 2896 .
725 2883 732 2898 .
778 2884 785 2897 .
831 2884 838 2898 .
886 2884 892 2898 .
940 2885 949 2912 .
993 2885 1000 2898 .
1047 2884 1053 2899 .
1101 2886 1108 2899 .
1154 2884 1160 2898 .
1206 2834 1274 2900 flor.
1297 2834 1354 2899 VI.

269 2935 461 3002 Cancellario
507 2986 838 3002 .......
879 2957 882 2966 ¹
885 2989 1163 3007 ......
1206 2941 1273 3004 flor.
1298 2939 1323 3003 I.

269 3040 395 3108 Decano
418 3042 633 3126 inscriptionis
657 3043 785 3108 nomine
830 3095 1159 3110 .......
1205 3068 1285 3111 cruc.
1304 3044 1374 3110 XV.

273 3147 323 3214 Ad
346 3149 591 3214 conuiuium
614 3149 837 3214 innitebantur
859 3173 967 3215 omnes
990 3153 1145 3236 dignitate
1168 3152 1377 3217 othonorum
1425 3175 1428 3182 ¹

180 3253 362 3338 insignibus
392 3253 470 3319 clari
501 3254 568 3318 siue
599 3255 637 3320 ad
660 3254 909 3320 Vniuersitatem
936 3257 1060 3322 scholae
1081 3256 1174 3322 huius
1197 3257 1378 3342 pertineant

180 3359 252 3423 siue·
270 3363 359 3423 extra
391 3359 479 3424 illam
507 3361 623 3445 degant
654 3361 687 3424 in
718 3359 777 3425 hoc
807 3362 931 3445 oppido.
978 3361 1203 3426 InuItabuntur
1233 3367 1264 3430 et
1286 3364 1378 3427 ambo

180 3462 331 3547 praefecti
353 3463 486 3530 Ducales
508 3465 556 3530 De
587 3470 697 3531 senatu
728 3467 836 3551 oppidi
869 3468 929 3532 duo
962 3467 1114 3551 primores
1146 3471 1223 3532 natu
1246 3469 1376 3533 maximi

184 3566 295 3634 Scriba
316 3571 491 3655 oppidanus
506 3570 797 3637 Gellariusllucalis
820 3570 862 3636 Et
885 3577 973 3637 extra
994 3572 1051 3637 hos
1067 3572 1115 3636 illi
1140 3594 1271 3657 quoque,
1296 3595 1374 3656 quos

185 3672 314 3740 Decano
336 3678 370 3740 et
390 3676 528 3742 Consilio
551 3678 648 3742 studii
672 3678 764 3742 huius
787 3678 917 3744 inuitari
940 3678 1102 3763 placuerit.

186 3837 391 3848 -Ἤ

250 3917 368 3974 lHiezu
394 3919 454 3975 eine
477 3919 625 3976 itandnote
653 3937 707 3977 von
732 3921 781 3976 der
805 3920 888 3977 Hand
906 3921 953 3978 des
973 3923 1105 3978 Leonh.
1125 3921 1249 3978 I'uchs:
1276 3921 1316 3978 De
1334 3921 1379 3977 Li·

182 4006 312 4062 sentiatis
331 4011 425 4062 tamen
453 4009 490 4063 ad
510 4027 559 4064 nos
588 4009 701 4064 aliunde
721 4010 939 4066 aduentantibus
957 4012 1040 4067 Anno
1066 4013 1134 4066 1502
1158 4011 1202 4066 die
1221 4012 1296 4082 Sept.
1316 4015 1332 4066 6
1349 4012 1379 4066 in

180 4096 279 4149 senatu
297 4095 438 4149 decretum
456 4098 506 4161 eat,
526 4100 558 4152 vt
576 4097 620 4150 illi
638 4098 800 4168 priusquam
819 4099 856 4153 ad
872 4099 989 4156 honores
1003 4100 1162 4156 doctoratus
1181 4100 1379 4165 admittantur,

180 4185 231 4238 aut
242 4183 353 4253 publice
366 4183 509 4253 disputent
522 4187 573 4240 curt
587 4202 697 4240 cursum
710 4190 849 4258 peragant
861 4205 911 4257 pro
923 4188 1068 4243 facultatis
1081 4187 1198 4246 arbitrio
1211 4189 1239 4242 et
1251 4190 1378 4258 sumptus

180 4286 291 4334 omnes,
319 4274 399 4326 extra
417 4289 462 4329 eos
480 4272 528 4342 qui
545 4291 595 4344 pro
615 4273 787 4329 examinibus
805 4273 981 4346 penduntur,
1000 4276 1102 4331 ferant.
1121 4305 1153 4315 -
1171 4276 1188 4329 2
1206 4275 1262 4330 Der
1279 4274 1379 4328 Wsrth

180 4357 228 4412 des
247 4356 319 4412 Huts
339 4359 409 4412 wird
427 4377 461 4412 zu
479 4359 568 4414 einem
586 4361 704 4428 Gulden,
723 4363 768 4419 ein
787 4363 860 4418 Paar
872 4363 1058 4420 Handsohuhe
1076 4383 1109 4418 zu
1128 4363 1315 4427 tKreutzern
1335 4361 1380 4416 ein

180 4446 272 4500 Pfund
290 4447 406 4514 zucker,
434 4451 484 4506 das
510 4450 647 4506 ebeufalls
670 4469 704 4506 zu
728 4452 782 4507 den
800 4451 897 4507 Gaben
915 4453 1046 4522 gehfida,
1071 4471 1104 4506 zu
1123 4455 1144 4527 5
1164 4452 1268 4507 Batzen
1294 4468 1379 4521 ange.

180 4537 278 4607 geben.
