3462 5320
356 507 419 570 228
711 506 754 558 41.
778 505 910 559 Statuten
928 503 955 558 d.
975 503 1008 558 U.
1027 521 1083 560 von
1105 507 1180 561 1537.

355 664 513 727 uersitatis
535 666 674 740 nostrae,
704 667 741 726 ut
771 663 912 746 ipsorum
944 661 1083 748 dignitas
1106 668 1138 727 et
1160 665 1343 748 praestantia
1365 667 1549 751 postulabit,

353 767 399 832 ita
420 768 531 833 ordine
562 768 768 845 locabuntur,
800 767 946 832 similiter
977 772 1009 832 et
1043 768 1200 854 dignitate
1222 790 1258 834 ac
1280 770 1446 837 nobilitate
1468 794 1548 858 prae·

354 877 473 938 stantes
494 895 556 938 non
582 872 715 950 externi,
739 870 766 935 si
788 870 904 935 eximia
926 871 968 935 sit
984 871 1124 957 dignitas
1140 893 1175 936 ac
1196 872 1356 952 nobilitas,
1380 876 1548 941 secundum

353 978 435 1045 hanc
458 980 565 1044 eodem
587 978 679 1043 modo
702 979 812 1042 contra
834 975 999 1042 Rectorem
1023 981 1055 1042 et
1083 977 1194 1061 Capita
1209 977 1435 1044 Vniuersitatis
1457 980 1550 1045 huius

352 1084 547 1150 locabuntur.
586 1080 714 1166 Reliqui
729 1083 814 1147 inter
828 1080 1003 1167 Magistros
1019 1082 1173 1147 bonarum
1189 1083 1314 1148 artium.
1360 1087 1467 1170 Atque
1488 1086 1548 1150 hoc

353 1189 462 1255 ordine
492 1187 682 1253 assidebitur
710 1187 744 1251 in
767 1185 948 1252 solennibus
978 1187 1185 1252 conuentibus
1208 1188 1340 1273 alijsque
1361 1190 1395 1253 in
1419 1191 1549 1256 caetibus

352 1297 446 1378 atque
477 1293 573 1358 etiam
603 1292 638 1356 in
667 1290 794 1376 publico
826 1291 1018 1377 procedetur.
1063 1289 1151 1356 Inter
1174 1291 1338 1358 Rectorem
1369 1295 1493 1378 quidem
1517 1299 1550 1360 et

351 1396 512 1464 Decanum
528 1396 709 1482 Theologiae
730 1396 829 1462 inseri
851 1397 1010 1462 nemiuem
1035 1401 1170 1481 oportet,
1192 1399 1256 1463 nisi
1279 1399 1360 1464 forte
1381 1401 1547 1467 excellenti

349 1505 516 1569 nobilitate
538 1507 593 1568 aut
615 1502 772 1587 dignitate
794 1502 970 1586 praeditmu,
994 1506 1032 1566 ut
1053 1501 1251 1587 Principem,
1286 1503 1457 1585 Comitem,
1481 1505 1543 1571 Ba-

348 1631 467 1686 ronem,
490 1607 680 1694 Episcopum
704 1614 737 1673 et
761 1606 930 1686 Abbatem,
954 1608 1058 1672 ethis
1080 1607 1197 1672 similes
1220 1608 1360 1693 itemque
1382 1609 1544 1676 (lancella-

349 1715 432 1780 rium
447 1713 674 1780 Vniuersitatis
690 1717 814 1778 nostra.
849 1712 1077 1779 Obseruebitur
1092 1714 1151 1804 hoc
1166 1735 1299 1799 quoque,
1326 1719 1363 1779 ut
1379 1713 1546 1800 praefectus
1673 1755 1676 1760 -

348 1819 437 1902 prior
466 1818 552 1903 opidi
585 1817 679 1883 huius
711 1839 783 1882 cum
805 1817 932 1883 Decano
955 1817 1138 1904 Theologiae
1171 1820 1295 1885 incedat
1325 1825 1396 1905 post
1419 1820 1545 1904 quidem

348 1923 514 1990 Rectorem
536 1925 569 1988 et
591 1922 821 1988 cancellarium
844 1922 1069 1988 Vniuersitatis
1091 1929 1216 1990 nostrae.

434 2027 553 2094 Verum
576 2049 646 2094 cum
669 2028 702 2093 in
718 2029 769 2094 his
784 2031 880 2114 uarijs
900 2031 1053 2094 decausis
1069 2051 1153 2115 saepe
1166 2031 1378 2096 dubitationes
1393 2031 1545 2110 oriantur,

346 2135 475 2200 debebit
507 2132 653 2198 minister
685 2133 828 2218 publicus
856 2135 992 2219 singulis
1024 2135 1227 2200 semestribus
1255 2136 1397 2201 chartam
1419 2137 1544 2201 ordina-

347 2240 444 2305 tionis
475 2238 650 2304 aRectore
681 2242 713 2304 et
743 2236 879 2304 Decanis
911 2243 1018 2324 petere
1049 2245 1082 2305 et
1113 2241 1283 2306 secundum
1306 2241 1545 2326 descriptionem

347 2344 435 2409 illam
458 2344 679 2409 collocationes
695 2364 870 2426 procurare.
916 2341 993 2408 Nisi
1008 2343 1127 2423 fecerit,
1150 2345 1257 2429 siqua
1279 2347 1317 2409 de
1339 2346 1398 2410 hac
1419 2349 1543 2410 contro-

345 2451 450 2515 uersia
472 2450 626 2529 extiterit,
651 2450 717 2534 ipse
740 2449 887 2514 minister
909 2450 989 2514 luito
1009 2471 1130 2534 paenam
1151 2450 1191 2515 ad
1207 2450 1375 2514 arbitrium
1390 2449 1541 2515 Rectoris.

432 2554 466 2620 Si
489 2555 605 2621 Rector
634 2557 666 2619 et
688 2553 808 2621 Decani
830 2555 868 2619 de
890 2555 1089 2620 ordinatione
1112 2555 1194 2620 forte
1215 2556 1444 2635 dubitauerint,
1469 2563 1544 2620 'rem

346 2661 385 2726 ad
408 2662 576 2726 consilium
604 2661 745 2726 referant
773 2665 805 2726 et
827 2661 916 2726 iuxta
936 2661 1023 2726 illius
1050 2661 1307 2726 constitutionem
1340 2665 1543 2744 exequantur.

345 2765 450 2851 Atque
483 2767 516 2831 in
548 2767 607 2833 hoc
638 2789 746 2832 omnes
778 2766 827 2830 illi
849 2766 1034 2851 morigerari
1063 2766 1221 2831 debebunt
1249 2787 1350 2849 neque
1372 2765 1543 2849 quisquam

262 2952 267 2964 .
344 2872 449 2951 reniti,
474 2893 552 2937 neue
574 2872 607 2936 in
632 2873 732 2937 alium
753 2873 859 2937 locum
883 2873 1029 2951 transire,
1053 2895 1114 2937 neu
1137 2874 1270 2937 alterum
1293 2870 1463 2950 attrahere,
1487 2894 1540 2937 ac-

343 2999 481 3056 cersere,
516 2979 666 3044 adducere
698 2980 765 3043 ulla
797 2981 919 3043 ratione
949 2979 983 3042 in
1014 2978 1151 3044 alienum
1181 2978 1293 3042 locum.
1339 2974 1400 3051 Qui
1430 2976 1540 3041 fecerit

342 3083 476 3146 multam
499 3083 637 3169 exigitor
660 3084 847 3168 quadrantis
869 3085 989 3149 floreni.

342 3326 400 3393 De
422 3328 601 3394 Notario
623 3327 942 3393 Vniuersitatis
966 3332 1005 3392 et
1026 3327 1230 3393 Ministro
1252 3327 1447 3412 publico,
1470 3327 1540 3413 qui

654 3433 853 3531 pedellns
876 3433 1040 3498 dicitur
1062 3455 1142 3517 cap.
1168 3437 1218 3497 22.

428 3607 633 3673 Notarius
649 3587 751 3691 'quem
773 3606 972 3672 Vniuersitas
994 3607 1185 3672 Scholastica
1207 3608 1337 3693 legerit,
1362 3609 1479 3674 iurabit
1501 3609 1536 3672 in

343 3734 379 3777 ea
401 3734 471 3796 quaa
492 3713 595 3777 solent
612 3713 711 3776 iurari
736 3736 754 3777 a
776 3713 996 3796 profitentibus
1011 3736 1125 3778 nomen
1146 3736 1239 3778 suum
1261 3716 1343 3798 apud
1358 3715 1536 3780 Rectorem.

340 3818 428 3883 ldem
457 3841 528 3884 cum
560 3819 621 3883 fide
654 3842 687 3883 se
718 3840 754 3884 ac
777 3818 944 3903 diligentia
973 3819 1157 3883 functurum
1184 3841 1313 3884 munere
1336 3843 1392 3885 suo
1415 3822 1536 3885 iuratus

340 3922 506 4009 promittet
535 3929 688 4008 praeterea
721 3924 896 3989 celaturum
918 3929 1056 4004 secreta,
1091 3948 1155 3989 non
1186 3925 1332 3990 daturum
1355 3949 1387 3990 se
1409 3949 1536 4010 operam

340 4030 554 4114 scriptionum·
578 4030 617 4114 ijs
649 4051 727 4113 quos
750 4030 839 4095 abuti
862 4031 943 4095 uelle
966 4034 997 4095 et
1019 4030 1179 4114 improbos
1201 4053 1267 4096 csse
1288 4031 1434 4109 sciuerit,
1467 4034 1538 4094 acta

339 4157 410 4200 cum
439 4136 500 4200 fide
530 4141 562 4201 et
592 4157 666 4200 cura
698 4157 731 4200 se
760 4140 1006 4216 annotaturum,
1037 4137 1145 4201 literas
1178 4142 1210 4201 et
1240 4137 1414 4222 diplomata
1443 4139 1538 4218 atque

339 4241 549 4306 instrumenta
579 4261 835 4326 quarumcunque
866 4261 971 4304 rerum
1001 4239 1137 4304 fideliter
1168 4244 1200 4305 et
1228 4245 1318 4305 caute
1351 4240 1432 4304 uelle
1464 4262 1536 4324 per-

339 4347 482 4412 scribere.

424 4451 584 4516 Merces
598 4448 731 4515 Notario
754 4450 794 4515 ab
810 4449 1026 4515 Vniuersitate
1049 4449 1242 4517 Scholastica
1266 4452 1459 4529 decernetur,
1483 4450 1537 4514 sed

338 4557 460 4644 quoties
482 4555 597 4622 Rector
626 4556 763 4621 rationes
793 4556 939 4620 retulerit
971 4556 1097 4622 dabitur
1125 4555 1259 4624 Notario
1291 4559 1421 4642 insuper
1455 4578 1535 4620 vnus
