3442 5314
462 466 489 520 4.
516 465 677 536 Pdprtlichc
693 467 775 524 Bulla
792 483 856 524 vom
877 471 918 524 13.
937 469 1007 526 Nor.
1029 471 1103 528 1476.
1342 476 1382 542 27

180 649 278 710 supra
299 627 489 691 insertarum
518 626 682 692 literarum
705 629 948 714 apostolicarum
978 632 1170 714 porrectioni
1193 634 1389 717 accepcioni.

180 730 352 797 Citucionis
384 732 589 797 ommittendc
612 734 753 812 decreto,
786 757 821 798 ac
844 735 1078 818 reproductioni
1100 737 1237 802 eiusdem
1261 735 1380 801 Contu·

181 836 282 901 macie
305 836 484 901 absentium
507 837 708 917 accusationi,
731 839 940 918 conclusioni,
972 842 1228 925 pronunciacioni
1252 841 1384 927 aliisque

180 942 328 1008 omnibus
350 945 382 1006 ct
403 941 548 1026 singulis,
571 943 647 1007 dum
669 945 751 1010 sicut
772 945 981 1029 prescriptum
1004 950 1052 1010 est
1074 947 1201 1024 fierent,
1224 969 1287 1010 vna
1309 968 1381 1011 cum

181 1046 332 1132 predictis
354 1045 489 1111 testibus
522 1051 555 1111 et
577 1045 711 1112 Notario
734 1048 773 1112 ud
796 1047 854 1112 hec
877 1049 1082 1132 correquisito
1105 1071 1232 1133 presens
1254 1049 1317 1128 fui,
1348 1071 1384 1115 ea

182 1151 228 1216 sic
249 1151 318 1216 fieri
341 1151 476 1216 videndo
499 1155 532 1218 et
554 1152 717 1217 audiendo.
764 1151 974 1228 Quamobrem
988 1154 1048 1218 hoc
1070 1177 1199 1238 procons
1222 1155 1384 1239 publicum

184 1255 301 1322 decreti
323 1255 579 1322 instrumentum
603 1261 675 1342 post
690 1257 789 1343 ipsius
805 1257 935 1323 Domini
951 1258 1165 1323 commissarii
1188 1260 1384 1337 mandatum,

182 1361 388 1428 coudiuuante
410 1361 549 1427 Domino
571 1361 693 1426 Mathia
717 1361 810 1454 Horu
831 1360 965 1428 Notario
987 1367 1160 1428 memorata
1182 1386 1279 1428 manu
1300 1363 1383 1428 eius·

184 1468 255 1532 dem
277 1469 432 1552 scripturn
454 1467 567 1534 exinde
589 1467 718 1544 confeci,
743 1471 774 1531 et
797 1465 830 1530 in
846 1467 929 1532 hanc
943 1468 1077 1533 formam
1092 1468 1252 1553 publicam
1267 1467 1383 1553 redegi,

183 1572 344 1658 Signoquc
374 1577 407 1638 et
426 1574 556 1638 nominc
587 1573 666 1638 meis
688 1572 790 1638 solitis
813 1573 940 1659 signaui
962 1578 994 1638 et
1016 1573 1210 1638 communiui
1232 1574 1265 1637 in
1288 1574 1385 1638 robur

185 1681 218 1742 et
239 1678 332 1744 fidem
364 1678 506 1744 omnium
539 1683 571 1744 et
593 1677 791 1763 singulorum
821 1677 1045 1762 premissorum
1058 1681 1205 1762 *rogatus
1228 1681 1260 1742 et
1281 1677 1385 1746 debite

180 1782 360 1867 requisitus.

255 1989 336 2046 Unir.
362 1990 465 2046 Archiv
489 1991 546 2046 mr.
571 1993 624 2054 Ι,1.
642 1993 722 2062 Pcrg.
749 1992 804 2046 mit
830 1989 921 2062 Siegel
946 1989 994 2046 des
1019 1989 1099 2046 hbes
1140 1991 1322 2060 Abgedruckt
1340 1991 1384 2045 bei

183 2079 284 2142 Bcsold
296 2078 367 2132 Diss.
385 2078 420 2132 de
435 2079 545 2149 juribus
568 2078 726 2150 majestatis
736 2079 796 2134 186.
831 2077 921 2133 Moser
939 2076 1106 2148 Semmlung
1114 2077 1283 2130 wirraha.
1304 2077 1383 2142 1,48.
1467 2075 1470 2080 ’

182 2166 271 2221 Zeller
289 2165 402 2220 Merkw.
421 2165 447 2218 d.
466 2163 549 2220 Stadt
570 2165 639 2220 Tilb.
658 2167 718 2220 289.
756 2163 814 2219 ssok
833 2165 928 2220 Gesch.
947 2161 1146 2218 d.Univ.Tiib.
1167 2163 1234 2217 Bcil.
1246 2165 1271 2218 3.
1290 2163 1384 2218 Eiren-

181 2255 242 2311 lohr
261 2253 292 2309 U.
311 2255 344 2309 G.
364 2257 386 2309 l.

649 2767 798 2864 ¹5.

160 2977 481 3051 ,lustramentum
508 2975 768 3049 translationis
789 2973 1069 3070 praepositurae
1085 2969 1383 3064 Sindeifingcnsis

636 3099 672 3169 in
701 3095 922 3190 Tubingam.

253 3323 447 3395 husget'ertigt
465 3321 583 3390 Montag
603 3321 642 3376 10.
652 3319 729 3374 Mara
750 3322 816 3376 1477
835 3320 904 3375 hora
922 3336 1102 3388 vesperarum
1121 3336 1175 3373 von
1184 3317 1243 3371 Abt
1251 3314 1384 3371 Heinrich

180 3413 266 3465 anter
284 3409 392 3466 Beisein
411 3411 458 3464 des
477 3409 577 3464 Frater
596 3409 762 3462 Alberchtus
781 3407 873 3463 Priore
891 3425 946 3462 von
959 3405 1121 3461 Giiterstein
1133 3405 1229 3459 Carth.
1248 3403 1314 3467 ord,
1335 3403 1382 3456 des

181 3496 292 3552 Johann
310 3497 449 3567 Schilling
465 3495 524 3550 und
543 3496 679 3566 Magister
697 3496 812 3552 Georius
830 3494 973 3559 Schriber‚
1002 3493 1137 3548 Rectoren
1155 3491 1204 3546 der
1222 3489 1382 3548 Parcchial·

183 3583 297 3640 kirchen
315 3585 346 3640 in
363 3584 526 3655 Ringingen
544 3583 602 3638 und
621 3584 703 3640 Ascla
740 3584 819 3640 Ohne
836 3582 1093 3653 cigenthhmlichcn
1111 3579 1215 3636 Inhclt.

251 3759 281 3813 K.
302 3759 503 3815 Staatsarchiv.
540 3759 710 3830 Pergament
729 3759 782 3813 mit
799 3757 876 3829 Sigei
894 3758 942 3813 des
962 3757 1041 3812 Aba.
