3464 5318
350 485 413 547 134
462 482 504 536 30.
522 476 792 546 Bclranntmaclrung
809 474 980 545 uncntgeltl.
1000 474 1164 531 Unterricbt
1183 476 1336 532 betrellbnd
1356 477 1431 532 1522.

347 663 414 704 cas
436 639 543 704 literas
565 660 603 701 ex
625 633 810 699 authoribus
842 634 970 699 interim
994 635 1279 720 praestantissimis,
1304 659 1438 720 quorum
1462 637 1544 700 iusta

347 744 512 828 'lubingae
530 745 578 806 est
593 741 692 824 copia,
717 762 779 823 qua
793 740 963 824 praedictus
980 745 1028 806 est
1042 742 1251 820 humanitate,
1276 743 1384 807 doceat
1398 741 1541 836 fideliter.

437 845 610 911 Vniuersos
632 844 740 926 itaque
763 844 938 908 studiorum
961 849 1115 910 amatores
1144 845 1246 910 ubiuis
1269 847 1411 933 gentium
1435 849 1542 930 agant,

350 974 428 1036 quos
457 951 609 1016 hactenus
642 947 749 1034 granis
788 947 895 1014 forsan
926 951 975 1013 vel
1008 972 1065 1032 pro
1097 951 1240 1035 petendis
1262 951 1311 1016 vel
1334 950 1543 1036 percipiendis

346 1056 526 1142 insignibus
543 1074 748 1136 expensarum
763 1053 916 1118 detenuit
938 1054 1067 1132 iactura,
1092 1056 1264 1122 uberrimos
1279 1057 1416 1122 discendi
1438 1055 1541 1120 fontes

345 1164 431 1228 adire
453 1163 602 1238 volentes,
625 1161 687 1224 huc
711 1159 869 1224 confluant
891 1160 1067 1239 hortamur,
1091 1163 1260 1227 senectutis
1283 1162 1407 1240 viatica,
1431 1161 1540 1225 aduer-

344 1269 388 1333 sis
410 1268 503 1334 rebus
526 1267 647 1343 solatia,
672 1265 842 1329 fortunatis
865 1270 1051 1329 ornamenta
1073 1266 1185 1351 gratis,
1209 1265 1307 1330 libere
1330 1287 1366 1330 ec
1388 1265 1456 1330 sine
1477 1264 1541 1327 vlla

344 1375 484 1439 mercede
512 1374 545 1437 in
577 1371 661 1436 hunc
692 1369 775 1434 diem
807 1369 929 1454 erogari
958 1370 1052 1434 solita
1081 1368 1283 1434 Calendis
1307 1369 1434 1434 Maiis
1464 1367 1540 1432 anui

344 1479 507 1564 praesentis
523 1474 616 1540 XXII
632 1474 818 1559 percepturi.
850 1473 1013 1560 Magistris
1029 1475 1114 1539 eninr
1130 1497 1164 1539 ac
1179 1474 1377 1552 Doctoribus‚
1394 1474 1539 1559 reliquis-

344 1606 404 1667 que
426 1581 567 1648 omnium
590 1580 745 1645 scibilium
775 1579 1025 1663 professoribus,
1061 1581 1173 1645 aerarii
1195 1582 1317 1647 tribuni
1341 1605 1357 1646 e
1380 1580 1539 1667 gazophy-

344 1689 423 1753 lacio
446 1687 650 1763 satisfacient,
674 1690 706 1750 et
727 1707 784 1769 pro
800 1686 949 1769 cuiusque
972 1708 1101 1750 munere
1117 1686 1245 1772 dignam
1267 1685 1402 1771 singulis
1424 1685 1537 1771 stipem

346 1815 382 1858 ac
404 1793 534 1878 praemia
564 1790 758 1875 dependent,
788 1795 822 1854 vt
852 1812 955 1874 neque
978 1795 1108 1875 propter
1130 1791 1299 1856 audiendos
1328 1791 1539 1874 cuiuscunque

347 1899 507 1964 facultatis
530 1897 627 1962 libros
651 1897 835 1981 quicquain,
859 1917 915 1960 nec
939 1918 996 1980 pro
1019 1897 1228 1983 percipiendis
1252 1895 1429 1981 insignibus
1452 1895 1537 1959 inso-

345 2005 438 2068 litum
473 2002 623 2067 hactenus
652 2002 770 2086 percipi
797 2023 862 2066 non
895 2006 1079 2067 consuetum
1108 2003 1152 2067 sit
1183 2003 1385 2085 erogandum.
1438 2001 1537 2085 quue

345 2129 383 2172 ex
398 2107 560 2190 Imperiali
575 2105 799 2180 munificentia,
824 2102 954 2169 hortatu
969 2127 1125 2190 suasuque
1144 2105 1328 2172 Garunnam
1345 2107 1536 2171 Taucassssr

345 2211 491 2277 Oaesareoe
514 2210 689 2275 Maiestatis
713 2210 746 2273 in
761 2209 885 2274 Ducatu
908 2209 1234 2296 Wirtenbergensium
1251 2211 1379 2288 Vicani,
1403 2211 1536 2276 Beronis

342 2316 550 2392 nobilissimi,
574 2317 668 2399 atque
690 2317 823 2379 aliorum
851 2316 1038 2400 regentium,
1062 2338 1194 2400 quorum
1219 2317 1356 2402 auspicio
1379 2316 1535 2400 ductuque

344 2423 500 2488 studiosus
531 2421 664 2506 quilibet
696 2421 727 2484 in
758 2426 944 2506 perpetuum
975 2422 1120 2506 deinceps
1151 2421 1275 2503 (diuina
1307 2423 1398 2486 modo
1430 2422 1535 2488 faueat

346 2527 526 2610 clementia)
557 2525 648 2590 facile
679 2527 825 2611 consequi
849 2528 966 2612 poterit
989 2527 1117 2592 obuium
1141 2532 1235 2612 atque
1257 2528 1418 2606 oblatum,
1452 2530 1535 2613 quod

342 2632 418 2697 olim
442 2631 538 2716 longa
559 2630 743 2716 difficilique
766 2633 1031 2717 peregrinatione,
1055 2638 1086 2697 et
1109 2633 1277 2719 multiplici
1301 2633 1460 2719 impendio
1482 2634 1534 2698 vix

342 2741 436 2822 atque
459 2757 560 2822 aegre,
584 2737 634 2800 vel
656 2737 804 2822 malignis
826 2737 874 2801 vel
898 2737 1043 2820 pretiosis
1065 2742 1114 2802 est
1135 2743 1294 2804 assecutus
1317 2739 1487 2826 magistris.

413 2943 474 2999 Von
499 2944 588 2999 dieser
606 2943 891 3012 Bekanntmachung,
921 2943 1024 2998 welche
1048 2943 1078 2997 in
1104 2943 1249 3000 deutscher
1273 2946 1331 3000 und
1359 2945 1536 3001 lateinischer

340 3033 460 3102 Sprache
478 3033 565 3087 durch
574 3033 752 3102 Flugbllttter
771 3031 922 3086 verbreitet
938 3031 1049 3087 worden
1063 3031 1121 3086 sein
1134 3049 1216 3095 muss,
1236 3033 1286 3087 hat
1299 3033 1355 3087 sich
1367 3033 1431 3087 kein
1443 3033 1535 3087 Druck

341 3119 419 3174 mehr
437 3120 573 3175 erhalten.
609 3119 660 3174 Die
677 3119 808 3174 deutsche
826 3119 952 3190 Fassnng
971 3119 1008 3173 ist
1025 3119 1055 3172 in
1074 3119 1164 3174 elnem
1183 3120 1450 3191 durchcorrigierten
1464 3119 1534 3176 Con·

340 3209 402 3276 cept
421 3207 583 3262 verbanden
600 3207 630 3260 in
648 3207 710 3262 dem
730 3206 928 3262 Sammelband
947 3207 994 3261 des
1014 3206 1094 3260 Univ.
1115 3207 1230 3262 Archias
1249 3207 1322 3263 Fach
1340 3207 1386 3272 Vl,
1406 3210 1446 3263 17.
1477 3208 1533 3262 Ab·

345 3295 482 3364 gedruckt
500 3295 645 3352 Eisenlobr
663 3298 704 3351 84.
741 3296 791 3351 Die
810 3296 971 3351 lateinische
983 3296 1099 3351 Version
1118 3296 1156 3349 ist
1172 3295 1218 3350 bei
1229 3296 1254 3350 J.
1266 3294 1449 3365 Middendorp
1467 3295 1536 3349 Aca-
1610 3305 1611 3308 ’

342 3382 497 3437 demiarum
516 3385 580 3438 libri
600 3384 674 3438 VHI.
695 3383 751 3440 Col.
770 3385 838 3454 Agr.
858 3386 932 3441 1602.
951 3384 985 3448 ΙΙ,
1004 3385 1055 3440 292
1074 3383 1254 3454 abgedruclrt.

406 3470 457 3525 Die
474 3470 535 3526 hier
559 3472 774 3542 angepriesenen
793 3473 1013 3542 Einrichtungen
1039 3473 1130 3527 haben
1155 3471 1280 3526 wirklich
1299 3471 1464 3542 Anziehung
1486 3489 1534 3542 ge·

339 3556 397 3610 iibt.
432 3556 488 3612 Der
506 3559 623 3629 Zugang
639 3559 678 3613 im
687 3559 771 3616 Jahre
785 3563 851 3616 1521
870 3562 912 3616 bis
929 3563 963 3616 22
980 3561 1018 3616 ist
1036 3561 1085 3615 der
1103 3560 1223 3614 stsrkste
1242 3561 1283 3614 bis
1301 3561 1388 3615 dahin
1400 3561 1534 3616 crreichte

339 3643 462 3699 nttmlich
481 3647 528 3700 181
547 3646 727 3704 intitulierte.
770 3649 867 3705 Leider
895 3650 979 3704 stirbt
1004 3649 1072 3704 aber
1089 3649 1225 3703 Rcuchlin
1243 3649 1325 3704 sehon
1344 3665 1390 3703 am
1408 3649 1450 3706 30.
1467 3649 1534 3703 Jnni

341 3732 484 3788 desselben
503 3735 593 3790 Jahrs.
843 3779 848 3788 .

409 3822 466 3877 Das
485 3823 686 3880 Ansschreiben
703 3825 770 3880 {snt
787 3825 817 3880 in
835 3825 889 3881 den
907 3825 1029 3881 Februar
1047 3826 1113 3881 oder
1134 3825 1210 3879 Mtra
1230 3823 1305 3880 1522.
