3504 5322
532 463 666 518 Statnten
684 464 731 518 des
750 463 982 518 contuberniuma
1004 465 1079 517 1536.
1345 465 1407 530 447

200 621 283 688 lorea
305 623 536 700 tumultuetur,
569 622 684 688 soluite
706 622 841 688 multam
863 621 981 688 denarii
1006 644 1086 688 vnus
1110 623 1142 688 id
1174 626 1223 688 cst
1252 622 1407 688 cruciato·

199 749 272 794 rum
296 727 387 794 VIII.

774 866 829 932 XI.

288 1005 336 1072 De
347 1005 570 1071 Contubernio
585 1029 625 1070 ne
653 1006 729 1090 quid
751 1005 794 1070 ef
800 1005 1005 1084 funditor,
1030 1008 1206 1092 proiicitor,
1232 1007 1407 1075 detruditur

201 1116 329 1196 aspectu
352 1111 471 1177 foedum
495 1116 527 1176 ct
557 1133 650 1176 seusu
672 1113 867 1176 contrarium
890 1132 926 1174 ac
954 1113 1158 1177 inamoenum.
1205 1110 1265 1187 Qui
1298 1114 1408 1179 fecerit

200 1215 234 1279 in
258 1215 348 1280 illum
364 1217 493 1282 Rectori
516 1215 767 1281 animaduertere
790 1237 847 1300 pro
869 1217 983 1281 merito
1004 1217 1053 1280 ius
1077 1221 1152 1281 esto.
1198 1215 1232 1282 Si
1256 1219 1327 1301 quis
1350 1242 1404 1284 ex-

200 1324 329 1385 tranens
345 1321 404 1386 hoe
420 1321 537 1400 fecerit,
561 1320 742 1405 plectuntor
757 1321 988 1386 inhabitatores
1005 1322 1220 1387 cubiculorum
1237 1322 1275 1386 de
1291 1325 1406 1408 quibus

201 1425 322 1509 aliquid
345 1425 488 1505 effusum,
511 1426 696 1510 proiectum,
721 1425 882 1489 detrusum
897 1425 1002 1504 fuerit,
1028 1426 1183 1512 siquidem
1204 1425 1263 1492 hoc
1287 1428 1407 1494 factum

200 1531 356 1596 eoelarint.
408 1529 442 1596 Si
465 1553 538 1595 vero
561 1529 688 1594 Rectori
712 1537 745 1594 vt
767 1530 886 1595 debent
908 1531 1136 1610 iudicauerint,
1169 1531 1296 1597 Rectori
1325 1531 1407 1598 Con·

201 1636 339 1701 tubernii
375 1637 409 1700 in
439 1640 623 1701 extraneum
653 1634 800 1699 adhunc
830 1637 958 1700 modum
981 1636 1216 1722 delinquentem
1241 1638 1402 1716 cohibitio,

200 1762 271 1806 cum
287 1742 464 1806 autoritate
480 1740 623 1806 Rectoris
637 1738 864 1806 Vniuersitatis
879 1740 983 1818 huius,
999 1743 1153 1825 permissa
1168 1742 1313 1826 iussaque
1330 1747 1405 1807 esto.

762 1905 836 1972 XII.

287 2048 382 2114 Omni
405 2053 547 2132 tempore
569 2046 716 2132 inprimis
739 2049 845 2111 antem
861 2045 1025 2130 petitionis
1049 2050 1081 2110 et
1103 2047 1222 2111 exordii
1247 2047 1404 2112 honorum

200 2158 345 2237 sumptus
369 2152 501 2216 studiosi
525 2152 790 2216 extraordinarios
813 2155 845 2215 et
868 2173 1115 2236 superuacaneos
1138 2174 1177 2216 ne
1199 2151 1351 2231 faciunto,
1378 2154 1405 2216 si

200 2259 342 2338 fecerint,
367 2257 501 2321 multam
525 2257 738 2322 cruciatorum
761 2255 789 2321 X
813 2258 970 2322 soluunto.

757 2422 848 2488 XIII.

286 2559 347 2637 Qui
369 2563 495 2626 nouis
520 2565 592 2645 post
621 2561 714 2624 initia
744 2561 946 2625 vexationum
970 2560 1106 2646 amplius
1130 2561 1263 2626 illudere
1285 2569 1341 2627 aut
1365 2564 1405 2628 ab

200 2666 263 2730 illis
295 2667 449 2751 impendii
480 2664 599 2749 aliquid
630 2666 755 2751 exigere
777 2687 871 2731 ausus
893 2665 1009 2744 fuerit,
1041 2667 1158 2730 tribula
1181 2668 1272 2750 [dno]
1297 2669 1326 2732 id
1352 2675 1400 2734 est

199 2773 352 2837 cruciatos
373 2772 455 2837 VIII
480 2772 588 2836 multae
611 2771 739 2836 nomine
761 2771 846 2835 dato.

739 2927 846 2993 XIIII.

285 3069 483 3134 Vestitus
514 3070 667 3135 varietate
695 3069 864 3134 admodum
894 3069 1139 3154 reprehenditur
1170 3069 1257 3135 natio
1282 3077 1400 3136 nostra.

198 3175 236 3240 In
259 3175 319 3240 hac
342 3174 441 3260 igitur
465 3178 556 3258 parte
578 3177 778 3258 compescant
808 3173 996 3258 cupiditates
1023 3195 1095 3237 suas
1119 3174 1253 3238 studiosi
1276 3179 1309 3240 eb
1332 3178 1402 3240 vul-

197 3302 288 3366 gares
311 3279 447 3363 ineptias
480 3278 566 3342 illius
589 3301 654 3343 non
679 3278 893 3362 usurpabunt,
928 3278 1063 3342 vestient
1086 3277 1201 3342 horum
1225 3281 1402 3363 temporum

198 3385 433 3462 consuetudine,
459 3407 528 3468 quae
551 3388 599 3448 est
623 3389 691 3448 tum
707 3384 846 3449 honestae
861 3389 930 3448 tum
951 3383 1087 3448 comodae
1109 3382 1251 3448 rationis.
1287 3383 1398 3462 Scissa,

198 3493 392 3567 discolorato,
416 3489 547 3573 alligata
562 3511 601 3553 ne
616 3492 771 3573 gestante.
806 3487 945 3574 Togulas
967 3509 1039 3552 suas
1064 3487 1235 3564 induunto,
1259 3510 1324 3552 non
1350 3490 1400 3552 in·

198 3596 339 3660 iieinnto.
393 3591 519 3657 Calceos
552 3594 598 3658 ita
620 3594 835 3657 circumdante
857 3593 990 3678 pedibus
1022 3614 1061 3656 ue
1084 3592 1168 3656 inter
1189 3593 1399 3678 gradiendum

199 3699 396 3774 delabantur,
419 3697 517 3761 libros
541 3701 573 3761 et
594 3700 697 3761 cartas
713 3717 818 3762 secum
832 3700 982 3780 portanto
998 3719 1063 3761 non
1083 3719 1179 3762 arma.
1227 3695 1401 3762 Incedunto

198 3808 282 3888 apte,
307 3807 466 3886 utaequa
489 3803 521 3866 iu
545 3805 638 3887 gestu
668 3823 725 3866 nee
747 3801 943 3886 ingressione
974 3801 1156 3868 deformitas
1179 3802 1232 3866 sit.
1278 3800 1353 3877 Qua
1376 3802 1402 3868 si

197 3909 333 3975 feceriut·
352 3908 478 3972 laudem
510 3907 693 3987 inueniant,
728 3907 755 3971 si
779 3928 843 3971 non
866 3907 1010 3986 fecerint,
1034 3907 1215 3992 primumn
1236 3906 1403 3992 Magistris

196 4017 363 4079 monentor
386 4016 480 4095 atque
495 4013 711 4098 obiurgantor,
736 4013 764 4077 si
779 4035 843 4078 non
859 4013 974 4077 redditi
989 4013 1111 4078 luerint
1127 4012 1283 4091 meliores,
1304 4035 1323 4077 a
1345 4013 1399 4076 de-

196 4119 416 4204 linquentibus
448 4123 520 4204 post
550 4119 759 4185 monitionem
791 4118 962 4183 triobolum
984 4119 1015 4182 id
1038 4121 1086 4182 est
1109 4118 1239 4183 cruciati
1263 4122 1400 4202 quatuor

196 4225 376 4310 exiguntor.

762 4363 832 4430 XV.

282 4505 316 4572 Si
332 4508 401 4594 quis
417 4506 641 4590 discipulorum
658 4504 864 4570 Contubernii
884 4502 1087 4588 ,illiberaliua
1111 4501 1231 4582 durius,
1255 4503 1403 4569 iniustius
