3464 5318
345 457 407 526 106
625 457 667 515 20.
686 455 764 514 Neue
783 455 938 512 Redsction
956 456 1005 512 der
1023 455 1155 512 Stetuten
1177 455 1251 512 icoo.

653 684 700 750 Dc
723 683 979 770 confugientibus
1002 684 1042 750 ad
1065 682 1229 768 templum.

430 821 631 888 Prohibitum
653 821 713 887 sub
728 843 810 906 pena
824 824 974 906 perpetue
988 819 1188 901 exclusionis,
1214 823 1326 906 nequis
1342 827 1451 890 nostre
1473 823 1545 888 vni·

344 927 487 992 uersitati
511 927 729 1012 incorporatus
753 926 865 1012 quouis
887 926 980 992 modo
1002 926 1161 1011 aliquem,
1184 925 1239 1011 qui
1262 925 1408 1012 confugit
1432 928 1472 992 ad
1494 947 1546 994 ec-

342 1031 469 1096 clesiam
484 1036 615 1118 propter
630 1033 790 1110 delictum,
814 1032 889 1096 inde
903 1053 961 1116 per
975 1053 1008 1096 se
1030 1031 1079 1096 vel
1095 1031 1194 1096 ulium
1209 1031 1249 1095 ad
1264 1031 1362 1096 aliam
1384 1032 1546 1098 ecclesiam

343 1137 454 1202 ducere
482 1141 650 1222 attemptet
672 1138 738 1204 siue
760 1135 792 1203 id
815 1136 872 1203 fiat
888 1135 1054 1202 turmatim
1077 1139 1132 1203 eut
1154 1136 1222 1204 sine
1246 1141 1353 1202 turma
1376 1137 1426 1205 vol
1448 1135 1546 1204 armis

344 1240 381 1324 [f.
406 1242 473 1327 54].

639 1418 687 1484 De
709 1439 775 1484 non
796 1417 915 1483 edendo
939 1416 1062 1482 libellos
1086 1416 1233 1484 famosos.

431 1559 510 1626 Cum
533 1557 737 1643 delinquendi
761 1556 996 1641 iniuriandique
1024 1557 1218 1623 occasionem
1240 1558 1352 1628 tollere
1373 1558 1546 1643 reipublice

343 1664 480 1742 intersit,
512 1662 683 1728 statuimus
706 1665 739 1726 et
759 1659 962 1728 ordinamus:

431 1767 663 1833 Inviolabiliter
693 1765 854 1852 perpetuis
884 1764 1000 1831 futuris
1030 1768 1227 1852 temporibus
1257 1768 1317 1832 sub
1339 1768 1547 1834 iurisiurandi

344 1873 497 1961 religione
529 1894 611 1958 pena
642 1871 774 1957 periurii
805 1891 842 1935 ac
874 1870 1062 1936 exclusionis
1093 1876 1244 1957 perpetue
1276 1873 1317 1938 ab
1339 1873 1546 1939 uniuersitatc

344 1978 507 2046 obseruari
531 1977 687 2055 volumus,
713 1975 795 2059 quod
818 1974 925 2040 nullus
946 1974 1056 2041 doctor
1077 1977 1228 2064 magister
1244 1977 1424 2044 licentiatus
1447 1978 1546 2044 scola·

344 2084 389 2149 ris
411 2084 461 2149 vel
492 2083 671 2168 quicunque
700 2079 780 2145 alius
812 2083 919 2146 nostre
942 2080 1153 2147 iurisdictioni
1183 2083 1342 2150 subiectus
1365 2105 1421 2169 per
1443 2105 1476 2148 se
1497 2083 1547 2148 vel

345 2212 402 2277 per
424 2188 532 2267 alium,
555 2187 672 2254 directe
695 2186 744 2252 vel
767 2185 928 2265 indirecte,
952 2187 1063 2271 quouis
1085 2188 1189 2254 colore
1204 2189 1252 2254 vel
1268 2189 1398 2276 ingenio
1414 2193 1446 2254 et
1462 2210 1547 2254 nunc

348 2298 381 2361 et
404 2293 593 2370 infuturum,
615 2291 713 2356 etiam
735 2312 771 2356 eo
786 2293 937 2375 tempore,
962 2314 1024 2376 quo
1040 2292 1198 2358 subiectus
1220 2315 1286 2360 esse
1309 2294 1474 2374 desineret,
1499 2293 1544 2358 li-

345 2399 485 2466 bellos
508 2401 726 2465 tractatus
747 2397 950 2481 opuscula
972 2396 1037 2463 vel
1059 2399 1227 2484 scripta
1249 2419 1451 2483 quecunque,
1476 2397 1546 2482 qui-

346 2505 405 2570 bus
438 2503 659 2588 quoquomodo
688 2501 824 2567 morderi
855 2501 971 2566 iniuria
1002 2502 1086 2568 affici
1120 2503 1169 2568 vel
1201 2503 1278 2569 alius
1311 2501 1546 2588 quomodolibet

344 2609 463 2676 offendi
487 2614 593 2695 potest
616 2629 801 2694 quecunque
824 2608 1034 2673 communitas
1049 2611 1150 2674 status
1173 2612 1230 2676 sut
1250 2629 1384 2694 persona
1407 2629 1545 2692 quecun-

348 2737 409 2800 que
431 2714 558 2800 publica
579 2714 629 2779 vel
644 2713 780 2798 priuata,
803 2713 921 2778 scribat
942 2714 1104 2798 producet,
1128 2735 1185 2780 nec
1199 2715 1271 2780 aliis
1285 2714 1345 2779 hoc
1360 2713 1547 2780 facientibus

345 2819 523 2885 consentiat
544 2823 600 2884 aut
627 2816 744 2884 eisdem
761 2817 952 2883 iacientibus
967 2818 1102 2883 intersit
1148 2819 1234 2895 Quin
1249 2841 1322 2904 ymo
1345 2839 1454 2883 omnes
1469 2818 1547 2884 talis

346 2923 450 2990 moliri
460 2927 687 3007 attemptantes
700 2945 785 2988 nunc
797 2927 829 2988 ct
839 2923 1017 2988 infuturum
1026 2923 1154 2989 Rectori
1163 2923 1546 3008 protemporcdenuncict.

432 3026 599 3112 Similique
621 3050 703 3113 pens
718 3028 819 3093 teneri
835 3028 905 3093 vult
919 3027 1109 3094 uniuersitas
1124 3049 1251 3094 omnem
1267 3029 1367 3109 illum,
1392 3029 1447 3113 qui
1462 3030 1545 3094 olum

346 3135 442 3200 verbo
465 3134 583 3219 scripto
605 3133 654 3198 vel
676 3135 760 3200 iacto
783 3133 1064 3219 quomodocunque
1079 3135 1192 3219 cuique
1214 3134 1336 3199 doctori
1357 3133 1395 3199 de
1418 3131 1545 3198 uniuer-

346 3239 449 3304 sitatis
471 3237 602 3305 consilio
626 3238 774 3304 existenti
791 3239 973 3318 iniurietur,
996 3240 1035 3303 ad
1053 3239 1248 3324 quodetiam
1263 3238 1454 3304 uniuersitas
1477 3239 1548 3324 ipsu

347 3344 526 3430 specialiter
549 3344 673 3410 acteudi
695 3344 799 3421 faciet,
824 3344 852 3408 si
875 3344 931 3429 qui
954 3344 1068 3410 talium
1084 3342 1279 3428 apprehendi
1295 3343 1429 3427 possint.
1463 3341 1548 3407 Nam

345 3451 371 3514 si
396 3473 415 3514 a
438 3471 596 3534 quoquam
618 3449 653 3513 iu
672 3471 729 3515 sue
750 3448 823 3514 fidei
846 3452 878 3513 et
901 3448 1030 3514 honoris
1047 3448 1247 3534 dispendium
1270 3469 1357 3512 secus
1377 3450 1548 3532 attempte-

346 3558 450 3620 tutum
471 3555 589 3632 fixerit,
620 3559 677 3620 aut
704 3559 800 3621 noctu
824 3555 859 3619 in
882 3555 954 3620 edes
977 3555 1109 3620 alicuius
1142 3553 1310 3639 proiecerit
1331 3556 1387 3618 aut
1409 3551 1550 3618 hostium

346 3663 485 3724 stercore
500 3645 664 3738 iedeuerit,
688 3659 831 3724 libellum
847 3661 1004 3725 famosum
1020 3660 1168 3738 affixerit,
1192 3663 1250 3724 ant
1264 3660 1415 3724 clamores
1430 3657 1549 3738 fecerit,

351 3763 540 3829 vniuereitae
563 3766 675 3830 contra
690 3765 770 3830 tales
786 3769 941 3849 tauquam
956 3765 1099 3850 periuros
1114 3765 1291 3850 procedere,
1314 3767 1409 3848 prout
1430 3764 1551 3828 iustum

346 3868 453 3947 fuerit,
478 3889 542 3932 non
566 3869 712 3948 omittat,
745 3875 840 3955 prout
872 3871 1044 3955 aliquando
1067 3870 1264 3955 publicatum
1287 3868 1396 3934 existit
1418 3889 1475 3953 per
1497 3889 1550 3932 va·
1681 3925 1696 3954 ‚

350 3975 419 4040 luas
440 3972 568 4040 ecclesie
591 3993 674 4038 anuo
700 3979 793 4040 1506.
817 3975 854 4058 [f.
880 3977 950 4059 55.]

853 4150 901 4216 De
927 4149 1051 4216 vestitu.

602 4252 650 4318 Ex
672 4253 871 4322 ordinatione
894 4254 1107 4320 Illustrissimi
1128 4254 1299 4342 Principis.

436 4393 587 4479 Inprimis
612 4394 728 4461 Rector
749 4398 982 4482 optimatesque
1004 4395 1222 4462 uniuersitatis
1244 4394 1394 4461 studeant
1426 4413 1552 4458 summa

347 4520 415 4589 ope,
439 4500 476 4563 ut
498 4500 646 4590 congruis
669 4502 799 4568 statutis
815 4507 847 4571 et
862 4501 974 4568 mediis
989 4500 1161 4568 cohibeant
1176 4499 1346 4579 auditores,
1369 4519 1410 4564 ne
1423 4501 1461 4565 ut
1475 4497 1551 4564 hac·
