3462 5320
737 422 779 475 41.
797 419 931 474 Stctuteu
948 420 974 472 d.
994 419 1027 474 U.
1048 437 1101 475 von
1123 421 1198 475 1537.

722 649 794 735 Ipse
816 650 934 716 Rector
957 649 992 714 in
1014 650 1081 715 haec
1103 649 1227 715 Juruto.

461 789 552 854 Velle
570 810 604 853 se
627 789 715 853 omni
741 809 824 868 cura,
848 789 1024 875 diligentia,
1048 788 1109 854 lide
1130 789 1223 875 fungi
1246 789 1350 854 officio
1375 812 1448 867 suo,
1471 788 1578 874 Inpri-

373 896 434 960 mis
455 895 605 980 pietptem
630 891 739 970 colere,
763 893 835 976 poci
858 897 891 957 et
913 893 980 958 ocio
996 893 1191 977 Reipublicse
1216 894 1351 971 studere,
1374 893 1577 957 administre-

373 1002 492 1066 tionem
515 997 732 1064 scholasticam
755 997 872 1076 sedulo,
896 1001 1039 1062 accurate
1062 997 1196 1062 fideliter
1218 1018 1321 1082 egere.

685 1171 830 1238 Rectoris
854 1173 1018 1256 prouincia
1040 1194 1095 1237 seu
1117 1172 1265 1237 officium.

461 1312 604 1379 Rectoris
627 1310 794 1396 prouincia
809 1309 876 1374 hoec
892 1313 956 1374 est:
979 1309 1017 1374 de
1040 1309 1079 1394 ijs
1093 1331 1164 1393 quse
1187 1311 1356 1377 inciderint
1378 1311 1516 1397 negotijs
1538 1333 1575 1376 ec

374 1421 467 1484 rebus
481 1419 597 1484 referre
611 1417 650 1480 ad
666 1415 819 1481 Senatum
834 1413 956 1498 publici
983 1415 1119 1498 eonsilij,
1144 1416 1316 1481 sententies
1332 1417 1441 1481 ordine
1456 1437 1577 1503 rogare,

375 1544 569 1607 compescere
600 1520 828 1601 dissensiones,
861 1519 1119 1584 contentionibus
1146 1520 1316 1600 obsistere,
1347 1521 1381 1587 in
1412 1524 1575 1599 rixatores,

374 1633 573 1696 contumaces
595 1627 847 1692 animaduertere
870 1625 907 1689 de
929 1625 1053 1708 consilij
1081 1625 1248 1690 sententia.
1293 1623 1342 1689 De
1365 1627 1479 1711 quibus
1502 1648 1577 1691 cou-

374 1735 523 1799 stitutum
551 1754 588 1796 oc
622 1731 782 1796 decretum
805 1729 919 1807 fuerit,
951 1751 987 1794 ea
1011 1731 1131 1814 exequi.
1178 1729 1308 1796 Referre
1327 1731 1363 1796 in
1389 1731 1508 1798 librum
1530 1753 1576 1808 eu,

374 1860 509 1923 quorum
524 1835 676 1902 memorie
694 1832 910 1898 conseruande
931 1855 999 1899 esse
1014 1833 1168 1898 uideatur.
1215 1835 1253 1899 ln
1269 1835 1400 1900 consilio
1415 1835 1578 1900 omnibus·

375 1966 435 2028 que
456 1941 637 2007 solennibus
661 1938 869 2004 conuentibus
896 1939 1012 2003 adesse.
1058 1937 1199 2004 Nomine
1221 1940 1439 2024 profitentium
1455 1940 1578 2004 studio·

375 2068 480 2112 sorum
504 2046 699 2110 aduenarum
722 2044 879 2128 recipere,
902 2044 1111 2128 promissione
1134 2049 1190 2108 out
1213 2045 1281 2109 iure
1304 2045 1436 2110 iurando
1459 2046 1576 2110 astrin-

375 2173 457 2237 gere.
504 2149 628 2214 Juditia
652 2171 723 2213 cum
734 2147 888 2231 Equitate
903 2149 1021 2232 absque
1038 2148 1134 2212 ullius
1156 2169 1298 2232 personae
1313 2154 1456 2233 respectu
1471 2150 1578 2213 auimo

373 2257 557 2339 incorrupto
581 2275 731 2318 exercere.
770 2251 893 2317 Juditiu
916 2275 952 2318 ae
973 2253 1149 2317 sententias
1166 2273 1229 2317 non
1253 2254 1396 2318 uendere.
1442 2253 1579 2337 Operam

375 2360 457 2439 dare,
481 2362 517 2422 ut
541 2359 574 2423 in
598 2359 820 2444 delinquentes
843 2359 1014 2422 secuudum
1038 2361 1159 2422 statute
1181 2380 1217 2424 ac
1240 2360 1324 2444 leges
1347 2359 1579 2424 animaduerta-

374 2471 436 2531 tur.
482 2464 593 2528 Poenus
615 2470 647 2528 et
668 2465 787 2528 multus
811 2465 938 2549 exigere
961 2463 1077 2548 pedelli
1101 2464 1287 2542 ministerio,
1311 2469 1366 2528 sut
1388 2463 1492 2548 ipsum
1515 2463 1578 2528 sol·

374 2593 456 2636 uere.
503 2569 597 2635 Nihil
619 2571 787 2635 aduersum
812 2569 1070 2634 Illustrissimum
1092 2568 1272 2653 Principem
1295 2574 1458 2646 nostrum,
1481 2567 1578 2632 Rern·

374 2675 533 2760 publicem
550 2672 776 2739 scholasticam
793 2675 899 2738 moliri
916 2674 982 2738 ulla
997 2675 1119 2738 ratione
1135 2697 1171 2738 ac
1186 2674 1245 2738 viu
1276 2672 1421 2757 Denique
1436 2673 1579 2738 omnium

374 2781 468 2846 huius
481 2779 681 2845 scholasticas
693 2779 921 2844 Vniuersitatis
937 2783 1090 2862 tunquam
1106 2779 1197 2842 vuius
1212 2778 1350 2863 corporis
1365 2779 1577 2844 membrorum

375 2907 480 2950 curem
503 2906 620 2969 gerere.
660 2883 779 2948 Animo
804 2889 836 2950 et
860 2885 1025 2948 voluntate
1048 2889 1182 2968 paterna
1197 2886 1318 2948 statuta
1341 2887 1373 2946 et
1395 2885 1481 2968 leges
1495 2882 1577 2947 Vni·

378 2990 534 3054 uersitutis
565 2988 766 3055 Scholasticae
799 2994 872 3074 post
895 2989 1033 3053 Comitis
1064 2989 1207 3072 proxime
1236 2988 1441 3072 sequentibus
1470 2988 1579 3052 diebus

375 3117 433 3178 pro
456 3095 605 3159 concione
620 3094 768 3159 studiosus
785 3094 944 3158 iuuentuti
961 3094 1086 3178 publice
1102 3094 1244 3171 recitare,
1269 3115 1370 3176 neque
1389 3095 1475 3158 ultro
1490 3115 1579 3158 men·

375 3221 441 3264 sem
464 3199 549 3262 illem
575 3199 820 3284 publicationem
846 3199 964 3264 differe.
1019 3199 1123 3264 Huius
1146 3198 1354 3283 Magistratus
1382 3203 1507 3283 tempus
1530 3219 1578 3260 se·

374 3309 491 3368 mestre
513 3309 571 3368 est.

464 3409 579 3474 Rector
608 3410 787 3493 quicunque
819 3414 942 3474 creatus
973 3410 1071 3474 fuerit
1102 3410 1166 3475 cal.
1200 3409 1294 3492 Maij,
1327 3431 1398 3474 cum
1428 3407 1579 3476 Senatum

374 3512 604 3578 Vniuersitetis
619 3515 759 3597 primum
782 3514 923 3592 habebit,
948 3515 1087 3578 osticium
1103 3537 1195 3580 suum
1212 3537 1277 3579 esse
1292 3516 1381 3590 sciet,
1406 3535 1580 3598 proponere
1654 3581 1658 3588 ,

375 3615 600 3681 Vniuersitntis
626 3599 983 3683 Consilio'mentionem
999 3619 1037 3682 de
1060 3619 1100 3684 iu
1114 3641 1155 3682 re
1178 3619 1361 3702 iurando
1384 3617 1580 3702 praefecti

376 3720 604 3786 inferioris
628 3726 659 3788 et
683 3722 843 3806 judicibus
866 3722 875 3757 ¹
897 3721 991 3786 huius
1016 3723 1135 3807 oppidi,
1164 3745 1226 3805 quo
1249 3723 1384 3808 singulis
1407 3723 1500 3786 annis
1522 3721 1579 3786 ob-

375 3827 468 3910 ligati
491 3830 565 3891 sunt
588 3829 768 3913 astringere
784 3847 851 3891 sese
873 3827 911 3890 de
926 3827 1150 3892 conseruandis
1165 3827 1341 3913 priuilegijs
1352 3827 1580 3892 Vniuersitatis

375 3935 500 3994 nostroe.
547 3930 628 3994 Tum
645 3933 747 4017 igitur
768 3931 807 3995 de
829 3931 918 3995 nulls
941 3931 1003 3995 sliu
1025 3953 1059 3995 re
1081 3930 1170 4014 prius
1192 3929 1316 4007 referet,
1341 3954 1435 4014 quarn
1460 3931 1498 3995 de
1520 3930 1580 3994 bec

374 4036 452 4119 ipss,
476 4039 512 4098 ut
534 4035 637 4118 primo
658 4058 782 4122 quoque
805 4041 949 4122 tempore
972 4036 1115 4120 perficiat
1131 4033 1152 4098 ².

463 4140 579 4205 Rector
594 4142 833 4226 quibuscunque
855 4143 890 4206 in
905 4141 1028 4206 casibus
1048 4142 1176 4221 edicere,
1200 4141 1395 4216 interdicere,
1418 4139 1579 4215 mandore,

373 4245 551 4329 siguificare
574 4247 694 4331 aliquid
717 4248 844 4332 publice
871 4247 999 4331 poterit,
1024 4246 1146 4311 adiectu
1168 4248 1263 4310 etism
1286 4245 1419 4310 mediori
1444 4266 1479 4307 sc
1502 4265 1579 4307 cou-

444 4473 457 4526 1
473 4471 609 4540 judicum.
679 4473 695 4524 2
712 4473 887 4541 perficietur.
