3460 5314
695 503 810 562 statuta
829 501 906 561 1497.

383 730 440 797 De
462 733 579 798 modo
601 738 644 800 et
667 735 801 801 forma
824 739 1209 820 promouendorum.

292 869 467 938 Statuimus
497 878 638 958 preterea
669 877 752 960 quod
774 876 954 943 desiderans
976 878 1010 942 in
1032 875 1274 942 Baccalaureum
1297 877 1397 942 medi-

204 976 274 1040 cine
296 979 474 1061 promoueri
504 1000 558 1044 sue
579 979 740 1046 facultatis
770 981 919 1047 decanum
954 982 1098 1047 accedere
1129 982 1221 1047 debet
1245 983 1396 1068 rogando,

205 1084 240 1144 a
261 1081 402 1148 doctores
427 1086 614 1172 congregari
636 1085 731 1151 faciat
747 1084 860 1151 Coram
883 1087 997 1172 quibus
1019 1087 1063 1152 sic
1085 1088 1283 1173 congregatis
1305 1087 1397 1152 fidem

205 1186 244 1250 de
267 1191 407 1271 ternpore
429 1190 481 1253 sui
504 1191 601 1255 studii
625 1191 902 1277 disputationeque
924 1198 1050 1278 peracta
1064 1194 1165 1258 facere
1180 1193 1319 1272 babebit,
1343 1216 1398 1277 po-

205 1295 276 1355 stea
306 1295 423 1376 poterit
460 1295 522 1359 sibi
552 1317 682 1361 examen
710 1299 834 1383 aperiri.
888 1298 1012 1364 Dehinc
1039 1299 1262 1365 deliberatione
1291 1299 1400 1364 habita

206 1401 292 1461 certo
315 1397 367 1462 die
388 1399 423 1463 in
445 1401 551 1485 aliquo
574 1406 692 1486 puncto
715 1403 776 1468 sibi
799 1403 960 1489 assignato
983 1405 1015 1468 in
1040 1403 1130 1468 libris
1155 1403 1322 1489 Ypocratis
1345 1408 1400 1468 aut

207 1499 332 1566 Galieni
354 1505 558 1572 examinetur.
603 1506 691 1582 Quod
715 1509 743 1572 si
764 1509 955 1596 approbetur
979 1517 1010 1574 et
1032 1509 1228 1588 admittatur,
1256 1511 1399 1598 designe-

205 1609 260 1670 tur
283 1607 356 1686 dies,
381 1632 443 1693 quo
465 1615 628 1694 promotor
650 1635 725 1678 suus
747 1636 877 1699 paruam
900 1615 996 1681 faciat
1017 1615 1247 1680 oratiunculam
1269 1619 1301 1682 et
1317 1615 1397 1681 Bac·

206 1713 412 1779 calaureando
443 1717 638 1800 questionem
661 1727 835 1805 proponat,
866 1743 961 1804 quam
984 1720 1050 1805 ipse
1072 1726 1209 1786 assumat
1233 1721 1421 1811 dissoluat-¹

207 1839 269 1901 que
290 1841 361 1883 curn
385 1821 560 1905 gratiarum
584 1823 706 1889 actione
729 1825 902 1890 subsecuta.

294 1925 519 1992 Licentiandus
541 1951 614 1994 vero
630 1929 656 1993 si
671 1929 941 1995 baccalaureatum
955 1953 1018 1995 non
1043 1931 1196 2015 acceperit
1218 1952 1276 2016 pro
1298 1931 1400 2017 primo

193 2031 352 2096 ¹oramine
374 2052 393 2096 a
415 2032 479 2097 suis
502 2034 736 2119 promotoribus
751 2036 920 2120 approbari
935 2035 1025 2100 debet
1041 2035 1074 2099 in
1090 2035 1323 2122 presentaticne
1344 2059 1401 2121 per

205 2136 418 2204 iuramentum
442 2137 646 2205 credulitatis.

294 2241 513 2308 Doctorandus
536 2245 636 2330 igitur
658 2245 692 2309 in
714 2245 869 2310 medicina
891 2245 992 2310 instar
1014 2245 1146 2310 aliarum
1161 2245 1402 2310 uniuersitatem

208 2369 272 2413 non
295 2352 530 2438 promoueatur,
553 2350 616 2414 nisi
639 2350 757 2435 duplici
782 2350 975 2435 approbabas
998 2351 1156 2428 examine,
1179 2372 1312 2434 quorum
1335 2351 1400 2434 pri·

212 2475 297 2517 mum
321 2454 365 2518 sit
387 2453 547 2538 priuatum
570 2455 689 2519 facturn
711 2477 730 2519 a
752 2454 996 2539 promotoribus‚
1020 2455 1075 2538 qui
1089 2460 1198 2539 postea
1213 2475 1402 2539 promouen-

214 2558 283 2624 dum
306 2563 489 2644 presentare
509 2559 629 2624 habent
650 2559 684 2623 in
707 2560 866 2643 presentia
888 2559 1085 2624 dominorum
1101 2559 1244 2624 Rectoris
1267 2564 1298 2624 et
1320 2559 1401 2624 Can-

211 2665 329 2730 cellarii
361 2665 577 2732 uniuersitatis
599 2665 647 2730 Ac
675 2665 712 2730 de
735 2665 801 2729 eius
831 2665 1011 2750 ydoneitate
1033 2665 1245 2729 iuramentum
1268 2666 1401 2730 creduli·

205 2772 281 2835 tatis
303 2776 452 2856 prestare.
497 2770 618 2837 Deinde
641 2770 851 2837 Cancellarius
875 2769 915 2854 (si
939 2761 1108 2856 videbitirr)
1132 2771 1214 2836 diem
1238 2771 1401 2837 ethoram

207 2877 348 2962 assignet
377 2877 419 2943 Et
449 2877 612 2962 designato
642 2877 691 2942 die
722 2877 924 2963 assignentur
953 2877 1165 2961 promouendo
1195 2877 1256 2941 duo
1286 2880 1403 2961 puncta

208 2986 282 3067 post
303 2982 439 3067 primam
466 2983 595 3048 missam
623 2981 761 3047 eiusdem
784 2981 845 3046 diei
869 2981 1045 3066 assignate,
1076 3002 1173 3044 vnum
1195 2980 1229 3043 in
1253 2979 1402 3059 theorica,

209 3087 295 3151 aliud
317 3087 352 3151 in
376 3088 525 3174 practica,
548 3111 608 3172 que
623 3087 701 3152 hora
715 3087 818 3172 prima
840 3091 896 3151 aut
919 3087 1052 3151 secunda
1074 3091 1146 3171 post
1167 3087 1330 3150 meridiem
1353 3109 1402 3151 re·
1476 3154 1480 3164 ,

210 3193 306 3256 citare
329 3183 423 3258 debet
445 3191 487 3256 Et
516 3193 600 3257 circa
630 3214 666 3256 ea
697 3213 715 3254 a
744 3190 923 3255 doctoribus
952 3211 1006 3254 sue
1028 3190 1188 3255 facultatis
1210 3192 1345 3256 secundo
1368 3213 1403 3256 ac

209 3297 334 3381 publice
357 3297 529 3362 examinari
551 3299 584 3360 in
601 3296 759 3381 presentia
775 3295 919 3360 Rectoris
942 3299 973 3360 et
989 3294 1173 3361 Cancellarii
1188 3296 1403 3361 uniuersitatis

209 3403 342 3487 aliisque
364 3403 414 3488 (vt
435 3403 538 3467 visum
560 3403 673 3488 fuerit)
697 3402 865 3467 aduocatis.

298 3510 452 3575 Examine
474 3514 603 3596 peracto
623 3509 854 3594 promouendus
877 3507 966 3572 ex'eat
982 3509 1013 3571 et
1031 3507 1154 3571 veniam
1178 3509 1274 3591 petat.
1320 3506 1405 3571 Hinc

210 3637 285 3680 vero
319 3615 541 3681 deliberatione
575 3619 631 3681 aut
660 3613 852 3680 balotatione
881 3612 990 3677 habita
1019 3634 1113 3698 super
1141 3612 1283 3676 examine
1314 3618 1346 3677 εὴ
1367 3634 1403 3677 eo

213 3720 335 3805 ydoneo
357 3725 516 3805 comperto
533 3743 612 3785 vnus
628 3742 666 3784 ex
681 3719 947 3784 examinatoribus
962 3719 1067 3802 ipsum
1081 3722 1232 3801 tanquam
1248 3716 1404 3800 ydoneum

210 3826 250 3889 ad
272 3825 432 3902 licentiam
464 3829 497 3891 et
527 3825 697 3891 doctoralia
729 3824 868 3910 insignia
897 3827 1056 3909 presentet
1078 3822 1264 3902 duramento
1297 3826 1403 3886 tamen

213 3931 407 3996 credulitatis
429 3951 522 4015 super
543 3930 771 4016 approbatione
793 3930 891 4014 ipsius
907 3930 946 3994 ab
962 3928 1115 3993 vniueia'a
1131 3927 1309 3993 doctoribus
1332 3951 1404 4013 pre-

210 4037 295 4101 stito.
341 4036 491 4120 Idemque
523 4036 663 4101 officium
685 4034 871 4101 Cancellarii
899 4035 1039 4119 requirat
1071 4057 1128 4118 pro
1151 4034 1256 4099 danda
1277 4033 1405 4100 licentia

210 4143 250 4207 ad
273 4144 452 4228 recipienda
474 4141 647 4207 doctoralia
660 4141 809 4227 insignia.
855 4140 1010 4226 Deinceps
1027 4138 1238 4205 Cancellarius
1261 4141 1404 4223 assigna-

215 4248 386 4327 biaciam,
417 4270 479 4332 qua
509 4248 570 4312 sibi
601 4246 760 4312 licentiam
793 4245 932 4312 conferet
954 4246 987 4310 in
1010 4246 1082 4310 aula
1104 4246 1327 4311 vniuersicatia
1371 4246 1432 4310 Sir

210 4359 317 4418 tamen
340 4354 479 4440 insignia
511 4375 581 4418 cum
610 4352 669 4417 bac
690 4353 829 4437 recipcre
850 4352 944 4431 velit,
980 4355 1130 4436 poterunt
1151 4349 1279 4414 licentia
1301 4355 1333 4414 et
1356 4351 1404 4414 in-

212 4459 317 4544 signia
338 4459 446 4524 eadem
468 4459 517 4523 die
540 4458 573 4521 in
597 4458 726 4523 ecclesia
746 4457 919 4542 Collegiata
941 4457 1065 4542 publice
1087 4461 1118 4522 et
1140 4457 1311 4522 solenniter
1334 4479 1405 4542 pre·

208 4563 287 4628 stari
310 4569 342 4628 et
364 4563 511 4628 conferri.

1145 4667 1199 4721 20*
