3464 5318
678 455 718 508 16.
746 451 827 508 Balle
846 453 1017 510 Alexander-s
1035 453 1074 508 VI
1105 454 1179 508 1492.

912 739 968 810 lo.

334 947 440 1022 Balle
467 949 695 1021 Alexanders
725 948 775 1020 VI
804 949 895 1021 aber
931 949 998 1021 das
1024 947 1145 1021 Reoht
1172 947 1235 1020 der
1263 948 1532 1042 Bosetaung

503 1072 580 1146 des
607 1071 962 1146 Cancellariats
991 1071 1063 1144 bez.
1094 1071 1158 1142 der
1186 1069 1357 1165 Propstei

775 1211 839 1248 vom
858 1193 900 1248 26.
918 1191 990 1260 Aug.
1011 1191 1086 1245 1492.

419 1354 620 1420 Anaxaaaaa
644 1352 818 1440 Episcopus
848 1374 957 1418 seruus
989 1373 1152 1416 seruorum
1185 1351 1244 1416 Dei
1275 1352 1314 1416 ad
1344 1353 1528 1435 perpetuam

334 1461 379 1526 rei
406 1463 597 1528 memoriam.
923 1517 928 1524 .

421 1567 551 1631 Ratioai
573 1568 721 1652 coagruit
743 1572 775 1632 et
798 1565 944 1630 conuenit
967 1565 1110 1648 equitati,
1136 1569 1171 1628 ut
1192 1585 1229 1628 ea
1252 1583 1313 1646 que
1335 1562 1372 1625 de
1395 1559 1532 1624 Romani

334 1673 493 1755 pontificis
516 1674 622 1757 gratia
644 1675 871 1756 processerunt,
896 1672 970 1736 licet
992 1671 1058 1735 eius
1074 1668 1315 1753 superveniente
1330 1667 1421 1732 obitu
1443 1666 1534 1729 litere

334 1778 504 1862 apostolice
532 1799 626 1862 super
656 1778 719 1842 illis
753 1778 893 1842 confecta
925 1799 989 1841 non
1012 1776 1150 1854 fuerint,
1186 1796 1278 1838 suum
1301 1775 1534 1857 consequantur

336 1884 489 1948 effectam.

422 1987 550 2052 Dudum
572 1987 724 2071 siquidem
743 1987 842 2052 felicis
858 1988 1082 2053 recordationis
1099 1987 1290 2050 Iaaoeasrro
1316 2007 1393 2048 narn
1416 2003 1534 2046 ooravo

337 2093 545 2180 predecessori
566 2097 675 2156 nostro
698 2115 755 2177 pro
785 2098 874 2176 parte
902 2093 1008 2158 dilecti
1037 2092 1097 2155 filii
1125 2091 1241 2155 nobilis
1263 2091 1324 2154 viri
1347 2089 1535 2154 Ennanannr

336 2199 467 2264 senioris
483 2197 614 2262 Comitis
630 2197 667 2262 de
683 2197 904 2284 Wirttenberg
927 2203 959 2263 et
976 2197 1251 2282 Montispeligardi
1273 2195 1426 2280 exposito,
1451 2193 1534 2276 qaod

340 2303 417 2368 olim
439 2304 506 2389 ipse
529 2303 728 2368 Eberhardus
752 2305 784 2367 in
807 2305 900 2388 opido
923 2327 980 2368 sao
1003 2303 1171 2388 Tabingea
1195 2299 1445 2366 Constantiensis
1468 2299 1534 2362 dio·

336 2409 414 2472 cesis
436 2408 595 2492 provincie
607 2409 860 2494 Magantinensis
871 2409 1015 2474 Studium
1031 2407 1177 2493 generale
1193 2406 1382 2471 auctoritaie
1406 2408 1533 2489 aposto·

337 2514 398 2577 lica
414 2513 493 2598 erigi
505 2533 542 2577 ac
556 2513 882 2598 preposituram,
902 2535 962 2598 que
974 2514 1051 2577 inibi
1066 2513 1205 2598 dignitas
1221 2510 1404 2596 principalis
1416 2507 1533 2586 existit,

337 2617 469 2683 Necnon
499 2620 700 2683 canonicatus
731 2639 767 2682 ac
789 2620 962 2703 prebendas
996 2619 1123 2684 ecclesie
1158 2619 1191 2682 in
1213 2615 1429 2700 Sindelfingen
1453 2613 1535 2676 dicte

338 2725 468 2788 diocesis
491 2725 529 2788 ad
553 2727 629 2788 tunc
652 2725 861 2809 parochialem
877 2727 1039 2791 ecclesiam
1054 2726 1084 2790 S.
1101 2725 1206 2791 Georii
1228 2725 1304 2788 dicti
1320 2722 1406 2806 opidi
1428 2721 1535 2785 eadem

338 2829 526 2894 auctoritate
549 2831 726 2910 transferri,
750 2830 905 2914 Illamqae
928 2832 962 2894 in
978 2830 1188 2915 Collegiatam
1212 2828 1372 2892 ecclesiam
1397 2826 1477 2910 erigi
1500 2845 1536 2888 ao

338 2936 423 3000 illius
456 2935 652 3019 prepositum
682 2959 739 3019 pro
771 2941 911 3020 tempore
943 2937 1130 3001 existentem
1160 2936 1194 2998 in
1227 2932 1534 2999 Cancellarium

338 3040 553 3105 vniaersitatis
577 3041 654 3104 dicti
677 3041 780 3106 Stadii
803 3042 965 3126 deputari,
994 3041 1126 3106 Necnon
1149 3039 1249 3104 eidem
1272 3037 1464 3103 Cancellario
1487 3037 1535 3100 di-

338 3167 429 3209 uersa
450 3146 619 3232 priuilegia
641 3152 672 3211 et
695 3147 861 3212 facultates
884 3147 980 3210 ctiam
1004 3145 1223 3211 archidiacono
1247 3142 1456 3220 Bononiensi,
1480 3141 1535 3224 qai

339 3250 549 3315 Cancellarius
571 3249 675 3316 Stadii
698 3251 907 3316 Bononiensis
929 3251 1049 3328 existit,
1073 3272 1218 3316 concessa
1244 3250 1328 3314 dicta
1350 3244 1536 3314 auctoritate

339 3357 464 3422 concedi
486 3361 708 3441 procuranerat
730 3362 763 3422 et
784 3358 977 3422 obtinuerat.
1027 3356 1177 3440 Quodque
1199 3356 1273 3420 licet
1297 3355 1364 3439 ipse
1380 3351 1536 3417 Eberhar-

342 3463 400 3526 dus
423 3461 533 3527 Comes
556 3464 684 3548 eiusque
707 3465 924 3550 progenitores
948 3484 985 3526 ex
1008 3461 1135 3545 speciali
1165 3460 1333 3544 priuilegio
1357 3449 1538 3542 apostolico,

340 3567 435 3631 etiam
466 3572 597 3633 atanto
631 3575 792 3652 tempore,
825 3569 912 3632 cuius
944 3567 1096 3632 contrarii
1127 3566 1277 3630 memoria
1307 3565 1444 3628 hominis
1475 3584 1538 3626 noa

340 3673 502 3752 existebat,
527 3697 650 3760 semper
671 3673 783 3737 fuisset
813 3673 845 3736 ia
879 3671 1009 3756 pacifica
1040 3673 1235 3754 possessione
1265 3671 1314 3734 vel
1338 3670 1427 3754 quasi
1451 3667 1539 3732 Jaris

341 3779 542 3860 presentandi
564 3779 721 3843 ordinario
744 3778 805 3842 loci
827 3799 996 3862 personam
1021 3777 1164 3841 idoneam
1198 3777 1237 3840 ad
1259 3777 1374 3841 dictam
1397 3773 1539 3858 preposi-

340 3887 444 3948 turam
467 3906 538 3950 cum
561 3885 699 3963 vacabat,
723 3890 754 3949 et
778 3883 1034 3969 presentacioaes
1061 3905 1116 3966 por
1140 3904 1191 3946 eos
1214 3904 1271 3966 pro
1295 3887 1435 3965 tempore
1458 3879 1540 3942 lacte

341 4013 396 4075 per
419 3992 538 4055 dictam
560 3989 763 4055 Ordiaarium
785 3990 923 4055 admisse
946 3994 977 4053 et
1000 3990 1144 4052 effectam
1168 3989 1279 4052 sortite
1302 3988 1454 4063 fuissent,
1487 3985 1540 4047 de-

341 4100 522 4183 buissetque
554 4099 636 4162 idem
667 4119 769 4162 comcs
791 4099 823 4161 in
855 4097 962 4161 eodem
986 4097 1052 4158 iare
1076 4099 1262 4179 patronatus
1284 4094 1318 4156 in
1341 4091 1541 4176 prepositura

342 4204 496 4268 translata
519 4204 697 4267 huiusmodi
719 4205 890 4280 succedere,
915 4205 1009 4288 prout
1032 4203 1127 4266 etiam
1144 4205 1343 4277 successerat,
1366 4195 1540 4262 Nihilomi-

343 4333 401 4373 nus
423 4311 507 4374 inter
531 4311 633 4394 ipsura
649 4310 802 4375 Comitem
825 4315 857 4375 et
879 4311 1008 4374 dilectos
1031 4308 1113 4371 filios
1127 4307 1309 4392 Capitulum
1332 4304 1414 4368 dicte
1440 4303 1538 4368 eccle-

343 4415 387 4478 sie
408 4413 439 4478 S.
464 4414 569 4480 Georii
601 4417 722 4481 diaerse
755 4417 971 4481 contentiones
1005 4418 1113 4478 exorte
1144 4414 1297 4490 fuissent,
1329 4410 1541 4475 asserentibus

343 4519 458 4586 eisdem
481 4522 619 4605 capitulo
642 4523 690 4586 ias
713 4521 850 4606 eligendi
873 4519 1069 4604 prepositum
1098 4518 1137 4581 ad
1160 4539 1211 4581 eos
1235 4516 1402 4601 pertinere.
1449 4512 1539 4578 Non·
