3462 5320
674 439 790 495 Statuta
810 439 885 494 nso.
1322 439 1384 506 257

276 596 428 681 Quodque
451 597 534 662 circa
564 598 658 662 initia
678 598 895 663 vacantiarum
927 600 1047 661 statuta
1069 597 1103 660 in
1126 597 1218 661 domo
1240 619 1297 663 sua
1319 599 1386 662 sin-

182 703 267 788 gulis
289 702 382 768 annis
403 704 599 788 pronuntiet.

384 875 555 942 Statuta
577 898 659 941 non
682 876 866 940 iuranda
887 897 960 960 per
982 877 1187 942 decanum.

270 1014 461 1080 Ordinamus
485 1017 630 1102 insuper,
663 1017 748 1101 quod
778 1017 861 1082 circa
889 1017 983 1081 initia
1011 1019 1230 1083 vacantisrum
1253 1019 1288 1083 in
1313 1039 1388 1083 con·

184 1121 352 1186 uocatione
373 1121 562 1204 procedatur
585 1122 645 1187 hoo
659 1121 761 1187 modo.
808 1121 916 1188 Primo
939 1123 1001 1187 erit
1016 1123 1200 1188 deliberatio
1223 1144 1281 1207 pro
1304 1122 1389 1187 ordi·

184 1225 369 1291 nationibus
391 1231 424 1291 et
446 1228 577 1296 statutis
608 1227 876 1313 pronunciandis,
910 1229 943 1292 2⁰
965 1250 1023 1312 pro
1047 1228 1272 1292 distributione
1293 1228 1389 1292 colla·

185 1331 312 1396 tionum
336 1331 589 1416 disputationum
612 1336 644 1398 et
658 1333 900 1418 responsionum
915 1333 1001 1398 inter
1016 1334 1186 1419 magistros
1202 1337 1235 1398 et
1256 1334 1390 1398 scolares

186 1439 218 1499 ct
239 1457 347 1500 aarum
381 1437 612 1522 assignatione,
647 1443 679 1503 3ο
702 1459 796 1523 super
819 1460 926 1503 earum
957 1438 1189 1523 publicatione,
1214 1443 1327 1522 quarto
1351 1438 1389 1503 de

186 1540 409 1624 promouendis
431 1541 488 1607 illo
510 1564 594 1607 anno
617 1543 771 1608 habeatur
793 1543 993 1627 colloquium.

274 1643 356 1709 Item
388 1645 573 1713 rationabili
603 1671 695 1714 causa
717 1649 908 1714 subsistente
941 1649 1075 1714 decanus
1103 1649 1204 1733 possit
1226 1670 1297 1714 cum
1321 1670 1392 1713 cur-

189 1769 260 1814 sore
287 1751 335 1814 vel
360 1752 567 1816 sententiario
591 1753 782 1839 dispensare,
806 1757 841 1816 rt
862 1753 897 1816 in
919 1752 1001 1818 festo
1024 1752 1149 1839 collegii
1171 1750 1298 1839 legat1.

278 1854 359 1920 Item
392 1857 421 1921 si
451 1858 585 1922 decanus
617 1881 649 1923 se
682 1857 766 1923 vltra
795 1858 872 1922 duos
905 1879 1028 1922 menses
1058 1858 1285 1922 absentare
1306 1856 1393 1934 velit,

189 1959 344 2045 magistro
378 1962 517 2046 presenti
553 1963 669 2028 seniori
706 1962 824 2028 librum
855 1962 1018 2028 facultatis
1052 1985 1123 2027 cum
1156 1963 1256 2048 ipsius
1289 1962 1395 2048 sigillo

190 2069 318 2149 present
337 2068 360 2129 t.

279 2167 455 2236 Hortamur
487 2173 602 2251 etiam,
635 2171 717 2256 quod
751 2175 786 2238 in
809 2173 945 2258 singulis
975 2174 1097 2239 actibus
1120 2173 1281 2239 facultatis
1304 2171 1395 2235 theo·

192 2270 294 2359 logice
316 2296 388 2340 cum
411 2274 582 2360 diligencia
604 2299 696 2342 suum
718 2277 815 2342 faciat
837 2278 989 2342 debiturn.

281 2379 456 2446 Statuimus
480 2383 624 2466 denique,
648 2383 731 2466 quod
754 2384 788 2446 in
810 2383 1062 2468 promotionibus
1077 2384 1231 2467 equaliter
1254 2386 1286 2448 et
1307 2381 1396 2447 labo·

196 2507 247 2551 res
269 2490 302 2551 et
323 2485 411 2550 lucra
432 2487 544 2551 exinde
567 2488 788 2573 proueniantia
810 2487 1059 2569 distribuantur,
1083 2494 1116 2554 et
1134 2488 1194 2553 hoc
1217 2488 1301 2552 inter
1324 2486 1396 2552 doe-

196 2598 281 2658 torcs
304 2599 377 2658 actu
399 2597 544 2679 regentes
567 2596 600 2659 in
623 2595 731 2660 eadem
753 2595 912 2660 facultate.

282 2817 457 2886 Statuta
479 2821 664 2906 singulis
686 2819 808 2886 annis
832 2822 1099 2907 generaliter
1120 2819 1309 2906 legenda.
1332 2795 1334 2800 Ι

282 2994 431 3078 Amplius
454 2995 632 3074 statuimus,
657 2999 739 3081 quod
761 2996 1070 3080 promouendus
1093 2995 1140 3059 ad
1163 3015 1342 3071 cursum,
1374 2993 1400 3057 si

196 3098 293 3164 fuerit
315 3099 348 3163 in
371 3099 494 3164 artibus
517 3102 670 3186 magister
691 3103 741 3165 rel
763 3101 884 3165 altioris
907 3102 1031 3186 gradus,
1055 3101 1196 3184 quinque
1218 3099 1312 3163 annis
1334 3100 1396 3163 lec·

196 3204 300 3268 tiones
323 3204 468 3284 audierit,
492 3209 547 3270 aut
570 3211 700 3291 septem,
724 3207 750 3271 si
773 3206 925 3291 magister
947 3228 1011 3270 non
1034 3206 1140 3270 fuerit.

287 3309 435 3375 Preterea
450 3311 534 3395 quod
549 3333 644 3375 vnum
662 3312 903 3377 sententiarium
927 3316 958 3376 et
981 3331 1078 3376 vnum
1101 3331 1257 3375 cursorem
1280 3311 1403 3394 integre

200 3414 319 3494 audiat,
343 3416 383 3480 ad
405 3416 512 3481 minus
535 3417 632 3482 etiam
655 3417 688 3481 in
711 3417 803 3482 scolis
826 3417 922 3481 semel
945 3439 1002 3501 pro
1018 3436 1075 3480 suo
1091 3415 1300 3498 temptamina
1322 3415 1402 3498 pub·

198 3520 258 3584 lice
276 3520 472 3604 respondeat,
497 3521 557 3586 sub
576 3544 657 3606 pena
679 3544 743 3587 non
759 3521 968 3600 admissionis,
992 3520 1054 3586 nisi
1078 3543 1115 3586 ex
1131 3521 1290 3606 legittima
1311 3541 1405 3585 causa

206 3625 324 3710 aliquid
348 3625 446 3690 fuerit
468 3625 703 3694 moderandum.

287 3729 369 3796 Item
401 3729 509 3795 volens
539 3733 718 3816 promoueri
748 3733 936 3798 adeersum
967 3731 1143 3798 sentencias
1165 3731 1214 3797 vel
1238 3731 1402 3796 licenciam

199 3835 288 3919 prius
310 3857 368 3920 pro
393 3857 449 3900 suo
472 3835 616 3901 examine
639 3837 765 3921 publice
787 3836 984 3920 respondeat.

287 3940 370 4006 Item
391 3941 499 4007 volens
521 3942 700 4027 promoueri
733 3944 880 4007 teneatur
911 3945 1018 4026 petere
1040 3963 1059 4006 a
1081 3939 1233 4006 facultate
1255 3939 1353 4023 recipi
1375 3942 1407 4003 et

201 4045 327 4110 admitti
352 4048 391 4112 ad
404 4069 539 4139 ⁸cursum
562 4052 617 4111 aut
639 4049 829 4113 sentencias.

278 4238 291 4290 l
311 4235 360 4290 der
378 4236 483 4292 Absatr.
502 4236 575 4292 fehlt
593 4236 624 4293 in
644 4236 691 4302 Vl,
712 4240 753 4294 17.
789 4235 873 4292 Festa
894 4235 1006 4306 collegii
1025 4236 1087 4291 sind
1105 4235 1252 4305 Feiartage
1271 4235 1320 4290 der
1339 4233 1407 4289 Uni·

203 4323 321 4379 versittt
340 4322 582 4391 undl'aculttten,
603 4325 648 4380 die
666 4324 744 4380 nicht
762 4322 889 4395 augleich
902 4322 1069 4394 allgemeine
1081 4322 1235 4392 Faiertege,
1253 4318 1327 4377 festa
1345 4320 1409 4386 fori,

204 4408 274 4464 sind.
309 4427 330 4464 a.
348 4429 374 4467 u.
393 4411 466 4468 Stat.
485 4411 538 4466 fac
553 4413 610 4482 jur.
628 4430 649 4466 s.
669 4411 717 4466 tit.
744 4412 882 4467 vacantia
907 4410 965 4465 und
990 4411 1064 4466 Stat.
1088 4411 1140 4465 fae.
1166 4409 1237 4464 med.
1263 4428 1285 4463 s.
1310 4409 1355 4464 tit.
1374 4409 1409 4464 de

202 4493 359 4554 doctoribus
376 4499 539 4570 regentibus
558 4499 616 4554 und
641 4499 675 4554 de
692 4499 777 4554 feriis.

261 4602 391 4644 Urlrunden
406 4604 448 4644 der
461 4604 490 4646 U.
504 4605 633 4658 Tublngen.
1168 4587 1200 4646 17
