3460 5314
673 433 791 490 Statuta
811 433 889 508 1539.
1312 431 1375 502 299

181 591 271 658 huius
293 593 431 679 inclytae
445 594 577 672 scholae,
602 617 697 680 quam
719 593 814 678 studij
838 593 925 669 iuris,
951 592 990 658 ad
1014 593 1221 678 quodcunque
1245 594 1376 660 honoris

184 697 345 784 fastigium
369 700 469 765 euecti
492 699 626 779 fueritis,
652 721 775 785 augere,
800 699 915 762 damna
936 719 1011 762 uero
1035 702 1186 763 auertere.

265 804 464 882 Quartum
487 809 582 892 caput
604 809 660 884 001,
683 804 774 870 Velle
796 803 957 868 Licentiae
981 807 1036 868 aut
1059 802 1213 868 Doctores
1236 801 1376 889 insignia

181 909 214 973 in
238 908 327 975 nulla
349 911 411 976 alia
433 910 602 977 Academia
625 911 739 976 iterare
762 913 818 974 aut
840 913 988 993 repetere.

265 1013 473 1091 Quintum
504 1020 597 1102 caput
627 1021 693 1093 est,
727 1015 834 1092 Velle,
864 1015 891 1078 si
914 1015 1035 1079 oriatur
1058 1015 1095 1080 de
1117 1015 1178 1080 fide
1199 1013 1379 1079 Christiana

177 1117 371 1204 Disputatio,
396 1125 427 1186 et
448 1124 655 1188 submittatur
669 1126 724 1187 aut
747 1120 891 1186 tradatur
913 1121 1009 1186 etiam
1024 1121 1142 1186 nostris
1159 1119 1377 1196 decisionibus,

178 1229 285 1310 partes
306 1227 378 1292 fidei
401 1231 433 1294 et
453 1229 596 1295 veritatis
621 1251 678 1314 pro
700 1228 784 1294 virili
808 1229 899 1307 tueri,
923 1227 1061 1293 rationes
1084 1227 1256 1292 contrarias
1272 1229 1303 1291 et
1325 1246 1377 1290 00·

182 1331 363 1398 uillationes
386 1335 512 1419 penitus
535 1336 702 1400 destruere.

269 1435 438 1503 Sextum
461 1444 557 1526 ceput
579 1444 643 1518 est,
673 1440 764 1506 Velle
795 1439 828 1503 in
852 1439 1008 1504 honorum
1031 1461 1066 1504 ao
1089 1438 1263 1524 insignium
1287 1457 1377 1522 prae-

188 1541 326 1607 sentium
349 1544 464 1629 gradus
480 1543 628 1610 Doctorei
643 1545 809 1631 adeptione
831 1550 975 1630 sumptus
990 1544 1092 1610 facere
1108 1567 1170 1610 000
1194 1542 1377 1607 inhonestos

187 1650 244 1712 aut
267 1648 406 1728 illicitos,
429 1651 481 1716 sed
498 1653 719 1716 conuenientes
741 1654 773 1716 01
789 1651 877 1727 tales,
901 1651 1008 1734 quales
1024 1655 1099 1713 sunt
1115 1673 1133 1714 a
1147 1648 1278 1714 Juribus
1300 1647 1377 1732 ipsis

181 1752 345 1837 praefiniti
368 1759 400 1819 et
422 1758 544 1835 statuti,
568 1765 600 1821 01
623 1779 685 1821 000
701 1757 794 1820 ultra.
840 1754 882 1821 Et
896 1761 1098 1840 postremum,
1123 1759 1231 1820 contra
1253 1776 1289 1819 ea
1310 1775 1378 1818 om·

183 1857 256 1934 nia,
287 1881 365 1944 quae
389 1883 474 1927 nunc
495 1863 579 1928 dicta
602 1867 634 1926 01
659 1863 816 1947 praelecta
837 1863 927 1927 uobis
951 1866 1040 1942 sunt,
1072 1860 1155 1926 nihil
1184 1880 1285 1942 neque
1307 1858 1378 1922 dolo

181 1985 283 2046 neque
304 1964 414 2031 fraude
436 1990 576 2051 unquam
599 1968 773 2033 admittere.

182 2136 1256 2225 100000010000011010100000010001000οω,
1281 2162 1380 2226 quae

495 2247 802 2313 Baeculaureis
832 2245 1065 2312 confertur.

270 2381 413 2451 Primum
435 2391 502 2464 001,
537 2388 620 2471 quod
643 2387 806 2464 iurabitis,
841 2387 921 2452 uelle
952 2387 1163 2452 obedientiam
1185 2390 1217 2452 et
1239 2385 1379 2450 studium

189 2487 424 2573 obtemperandi
447 2491 573 2557 Decano
596 2497 721 2570 uestro,
753 2496 862 2577 000100
885 2491 1025 2578 Collegio
1047 2492 1148 2577 Studij
1171 2491 1258 2557 Juris
1289 2513 1379 2574 prae-

192 2595 279 2671 stare,
304 2595 428 2661 nullum
451 2597 631 2683 legitimum
654 2597 812 2664 decretore
833 2598 1010 2684 imperium.
1055 2597 1154 2663 Porro
1180 2598 1280 2663 eidem
1302 2617 1380 2680 quo-

188 2719 246 2782 que
267 2700 395 2767 Decano
417 2706 449 2768 et
469 2702 659 2769 Ductoribus
682 2705 715 2769 in
739 2705 807 2770 iure
828 2703 1098 2790 praelegentibus,
1129 2706 1308 2768 reuerenter
1330 2723 1379 2765 as·

185 2825 323 2890 surgere,
346 2805 498 2872 honorem
521 2812 553 2873 et
576 2809 811 2873 venerationem
840 2809 969 2874 deferre.
1016 2808 1119 2874 Simili
1149 2808 1273 2873 ratione
1294 2805 1379 2870 iura·

185 2908 271 2987 bitis,
296 2911 377 2977 uelle
400 2913 518 2978 bonum
542 2918 573 2978 et
595 2915 768 2979 utilitatem
784 2913 1010 2978 Vniuersitatis
1024 2913 1119 2978 huius
1134 2912 1267 2990 scholae,
1290 2933 1380 2995 prae·

186 3017 279 3099 cipue
301 3021 406 3081 autem
430 3018 525 3102 studij
538 3018 634 3097 Juris,
659 3041 716 3104 pro
738 3019 823 3083 virili
839 3042 962 3106 augere,
987 3022 1025 3085 ad
1042 3039 1259 3105 quamcunque
1281 3015 1381 3081 hono·

184 3121 230 3185 ris
253 3125 309 3186 aut
330 3121 477 3188 fortunae
507 3124 712 3190 eminentiam
734 3125 942 3209 perueniatis,
977 3129 1008 3190 et
1040 3125 1072 3190 10
1104 3123 1154 3189 his
1176 3123 1258 3188 nihil
1281 3143 1382 3206 neque

186 3225 258 3292 dolo
281 3249 382 3312 neque
403 3227 515 3294 fraude
537 3230 713 3295 admittere.

357 3401 413 3468 De
436 3404 591 3470 offitio
613 3404 907 3470 ministrorum
931 3403 1203 3488 publicorum.
1332 3485 1339 3498 ι

273 3542 414 3608 Ministri
428 3545 555 3626 publici,
580 3549 634 3632 qui
650 3550 681 3612 et
695 3547 809 3633 pedelli
826 3551 988 3625 uocantur,
1012 3548 1201 3632 promittant
1216 3569 1272 3631 per
1288 3546 1382 3610 fidem

185 3649 357 3714 iuramenti
382 3654 414 3715 et
443 3652 502 3716 sub
526 3675 627 3737 poena
650 3653 796 3738 periurij,
832 3652 959 3718 Decauo
995 3652 1211 3738 praesentibus
1238 3651 1384 3717 omnibus

188 3759 344 3840 quotquot
366 3755 399 3820 in
422 3755 561 3843 Collegio
592 3757 687 3841 studij
711 3758 788 3823 iuris
832 3761 922 3836 sunt,
952 3780 985 3823 00
1015 3758 1151 3823 tussibus
1173 3763 1205 3823 01
1227 3757 1384 3822 mandatis

187 3861 306 3928 Decani
322 3866 354 3926 et
366 3861 537 3927 Doctorum
548 3869 579 3928 01
590 3864 733 3950 delegato
745 3863 869 3928 muneri
884 3863 1052 3948 diligenter
1064 3864 1294 3930 auscultaturos
1307 3883 1382 3927 esse.

274 3968 427 4052 Tempore
457 3991 519 4053 quo
542 3969 659 4056 legitur
681 3974 713 4034 et
734 3969 919 4055 designatur
941 3991 1042 4033 nouus
1065 3967 1224 4047 Decauus,
1257 3968 1382 4046 iterum,

189 4073 252 4138 nisi
274 4074 377 4138 uelint
399 4075 545 4154 abdicari,
569 4075 604 4140 in
627 4074 731 4140 officio
753 4075 883 4139 retineri
907 4077 1029 4159 petant.

347 4247 555 4317 Officium
578 4250 765 4316 Ministri
788 4248 1027 4315 seruientis
1050 4247 1223 4314 Decano.

278 4388 379 4454 Aedes
396 4389 524 4468 Decani,
548 4389 575 4455 01
599 4390 721 4473 saepius
744 4411 809 4453 000
832 4391 931 4466 uacet,
954 4389 1041 4452 omni
1064 4388 1113 4452 die
1136 4387 1232 4452 semel
1255 4387 1383 4451 intrato.

195 4493 261 4559 Vbi
284 4494 386 4559 iussus
410 4499 466 4574 001,
489 4494 641 4559 Doctores
656 4494 826 4581 diligenter
849 4497 1029 4576 conuocato,
1053 4493 1181 4559 Scholus
1204 4492 1384 4571 emundato,
