3320 5308
361 473 424 539 636
917 469 1003 528 1524.

448 684 514 750 Sub
536 687 694 750 5551555111
717 684 824 748 eximii
847 681 885 748 D.
911 681 949 748 D.
975 681 1078 750 Ginm
1115 683 1270 751 Minimus
1290 709 1309 751 a
1331 687 1419 752 15515
1442 685 1582 752 5155

367 795 449 855 1524
471 810 569 874 vsque
592 787 675 852 Phil.
698 789 819 854 51155.
846 794 938 854 1525.

386 955 412 1014 1.
437 949 480 1014 M.
505 949 644 1014 Johanes
666 949 790 1014 Bender
812 973 850 1014 ex
873 950 1012 1016 11515115
1036 956 1076 1016 23
1101 950 1261 1016 Octobris.

385 1059 413 1120 2.
438 1055 583 1120 Joaehim
606 1054 727 1140 Rayser
749 1077 787 1120 ex
809 1054 893 1120 Kalb
916 1060 966 1120 23.

386 1165 414 1224 3.
439 1159 542 1225 Adam
564 1159 691 1225 Wesser
713 1161 751 1224 de
773 1159 971 1246 Kauffpuren
994 1166 1046 1226 26.

384 1271 413 1330 4.
439 1265 579 1332 Joannes
603 1266 815 1332 Caliionarius
838 1290 875 1333 ex
899 1267 1048 1332 Wilhain
1076 1271 1126 1332 26.

386 1377 414 1436 5.
438 1370 640 1436 Sebastianus
664 1371 747 1436 Faut
768 1393 806 1436 ex
830 1373 978 1438 05515151
1007 1377 1057 1437 27.

386 1481 415 1540 6.
439 1476 575 1543 Jaoobus
599 1475 774 1543 Damianus
798 1477 896 1542 Risch
919 1476 1171 1544 Consianiiensis
1195 1483 1247 1543 28.

390 1587 418 1646 7.
442 1582 653 1648 Wendalinus
675 1582 881 1649 Ochsenbaeh
905 1583 1119 1669 Tubingensis
1151 1584 1207 1650 vlt.
1231 1582 1300 1649 051.

869 1687 1060 1754 Nouember.

389 1799 418 1858 6.
443 1793 582 1860 Joannes
605 1793 733 1860 Vlricus
756 1795 794 1860 de
816 1793 989 1860 Rosenfeld
1015 1798 1041 1857 1.

388 1906 417 1965 9.
442 1900 667 1988 Wolffgangus
683 1900 861 1985 Mayschaff
874 1901 911 1964 de
929 1899 1081 1985 Paupana
1092 1899 1269 1966 canonieus
1284 1902 1540 1988 bombergensis
1554 1907 1583 1967 6.

369 2009 419 2069 10.
445 2005 617 2091 Gregorius
640 2007 677 2070 de
699 2005 790 2071 Stain
813 2006 983 2071 canonicus
1005 2003 1218 2090 Augustensis
1242 2007 1270 2068 6.

370 2115 419 2174 ll.
443 2109 605 2176 conradus
628 2111 770 2197 Binding
793 2113 831 2176 de
854 2110 925 2176 Vlff
947 2116 995 2175 10.

368 2219 417 2278 12.
443 2213 648 2280 Leonhardus
672 2215 822 2282 Scheblin
845 2217 882 2282 de
905 2215 1076 2302 Esslingen
1107 2219 1155 2280 14.

367 2325 416 2386 13.
441 2319 580 2386 Joannes
602 2321 714 2386 Luboli
736 2320 974 2407 Detnangensis
998 2320 1169 2406 (Leuthold
1192 2343 1230 2386 ex
1254 2321 1435 2406 Teitnang)
1466 2326 1523 2386 15.

878 2427 1059 2493 December.

367 2535 416 2598 14.
441 2531 581 2598 Joannes
602 2531 730 2597 Schmid
753 2533 790 2598 de
813 2532 911 2598 Laieh
937 2537 964 2596 1.

367 2643 415 2704 15.
440 2638 579 2704 Joannes
604 2637 729 2704 Gessler
751 2638 988 2724 Detnangensis
1018 2642 1043 2702 1.

368 2748 418 2808 16.
443 2741 615 2809 Hainricus
638 2742 792 2828 Beringer
817 2741 1030 2828 Tubingensis
1059 2747 1088 2805 2.

366 2853 414 2913 17.
438 2847 602 2915 15551555
633 2846 797 2915 Sennium
823 2871 861 2913 ex
883 2846 1078 2932 Schornopia
1101 2845 1326 2933 (Schorndorf)
1353 2852 1405 2912 15.

366 2959 415 3018 18.
440 2951 594 3018 Melchior
616 2951 742 3016 Walter
765 2974 803 3016 ex
827 2951 1058 3036 Terendingen.

370 3065 417 3124 19.
442 3057 599 3144 Virgilius
622 3049 752 3121 Knoder'
775 3079 813 3122 ex
836 3056 1014 3144 Tubingen.

363 3169 414 3228 20.
440 3163 525 3229 Otho
548 3162 722 3227 Truchsass
745 3163 822 3228 baro
844 3185 883 3227 ex
906 3161 1066 3246 Walpurg
1090 3164 1140 3224 23.

366 3273 416 3333 21.
441 3267 615 3332 Hainricus
638 3266 748 3351 Mayer
771 3288 809 3330 ex
831 3265 954 3352 Nagolt
977 3269 1027 3330 26.

367 3378 418 3437 22.
445 3371 612 3437 Vdalricus
634 3371 726 3437 Riier
750 3373 788 3437 de
811 3372 982 3457 Tubingen
1006 3375 1057 3436 27.

367 3483 419 3543 23.
445 3476 656 3542 Theodorieus
679 3477 717 3541 de
744 3476 877 3562 Friberg
901 3480 951 3540 29.

913 3577 1009 3645 1525.

888 3685 1044 3752 Januarii.

368 3798 419 3859 24.
445 3793 586 3860 Joannes
609 3790 722 3857 Glaser
745 3792 782 3856 de
805 3790 1009 3856 Backenhain
1034 3793 1063 3854 3.

366 3905 417 3964 25.
441 3897 559 3983 caspar
581 3897 712 3962 Feeklin
737 3895 915 3982 (Feckelin)
942 3895 980 3960 de
1003 3893 1167 3980 Aldingen
1191 3899 1220 3958 3.

367 4011 419 4070 26.
444 4004 636 4069 Wilhelmus
659 4003 696 4067 de
719 4000 887 4067 Nuihusen
913 4009 940 4065 3.

367 4115 418 4174 27.
443 4108 538 4174 Viius
562 4107 755 4192 Volkmayer
778 4130 816 4172 ex
839 4105 945 4172 Vrach
972 4112 1020 4171 12.

435 4286 476 4340 17.
503 4281 591 4337 111.
614 4282 689 4336 1528.
716 4280 807 4338 115155
831 4276 1455 4349 (101532.31111555555555151555.
1483 4281 1596 4338 hernus

367 4372 436 4427 Tub.
457 4373 533 4428 1533.
571 4367 1181 4440 651155152555555315511551115551511.-
1203 4366 1244 4419 19.
1254 4365 1332 4435 Vogt
1352 4365 1383 4419 in
1393 4365 1598 4425 Dornstetten

366 4459 444 4515 1544.
463 4489 496 4500 -
515 4460 556 4514 20.
577 4457 701 4514 Bischoff
723 4475 779 4513 von
796 4457 960 4527 Augsburg‚
986 4454 1181 4510 0551111151-
1201 4455 1243 4507 25.
1262 4452 1473 4510 7555115115
1496 4457 1541 4511 Μ.
1562 4459 1595 4512 Δ.

366 4549 443 4603 1527.
