3504 5322
614 459 730 515 Statuta
750 460 816 515 1477
835 477 862 513 ιι.
875 460 950 514 1505.
1316 454 1378 518 373

570 655 625 721 De
647 655 808 721 salario
830 655 998 741 pedelli.

275 785 344 848 101.
379 781 499 847 Statuit
528 781 680 860 facultas,
711 781 794 865 quod
827 780 960 865 quilibet
992 774 1311 841 Baooalaureus
1343 771 1377 834 in

190 889 331 973 qualibet
361 888 491 974 angaria
520 890 666 952 teneatur
693 885 816 970 pedello
847 882 1025 970 persoluere
1058 883 1193 963 quatuor
1226 876 1376 953 denarios,

191 1047 328 1112 debitam
358 1043 568 1110 reuerentiam
599 1043 714 1108 decano
744 1046 775 1108 et
806 1042 951 1108 omnibus
981 1037 1142 1124 magistris
1171 1035 1207 1099 de
1237 1033 1379 1119 regentia

187 1153 365 1228 exhibeant,
389 1150 578 1216 sessionibus
593 1172 647 1215 seu
670 1149 936 1234 disputatIonibus
960 1144 1195 1230 magistrorum,
1218 1162 1238 1204 a
1261 1159 1376 1223 propo·

185 1257 300 1320 sitione
323 1255 543 1337 questionum,
576 1254 848 1318 baccalaureorum
874 1274 965 1328 vero,
997 1272 1016 1313 a
1048 1245 1204 1332 principio
1226 1244 1378 1328 usquein

183 1361 278 1426 finem
301 1360 450 1424 interesse
481 1381 516 1424 ac
548 1358 712 1423 intendere
741 1359 876 1423 fideliter
905 1356 1061 1421 studeant.
1115 1350 1196 1415 Item
1227 1349 1378 1414 decanum

184 1467 287 1552 ipsum
315 1464 461 1530 omnibus
490 1463 598 1528 diebus
628 1463 770 1541 festiuis,
801 1463 968 1548 presertim
998 1460 1032 1523 in
1066 1453 1308 1521 solennitatibus
1337 1453 1376 1517 ad

185 1570 343 1636 eeclesiam
368 1570 537 1636 conducere
560 1575 656 1634 curet.

560 1743 613 1810 De
636 1745 796 1809 famulo
819 1743 998 1829 pedelli,

271 1884 419 1950 Famulus
442 1886 566 1970 pedelli,
588 1891 758 1971 antequam
781 1886 820 1950 ud
842 1886 981 1950 officium
1004 1895 1199 1974 acceptetur,
1233 1891 1377 1956 facultati

188 1995 395 2074 presentatus,
420 1991 589 2058 iuramenti
611 1993 749 2078 capitula
771 2015 827 2075 per
850 1991 1007 2076 pedellum
1038 1993 1141 2079 ipsum
1166 1997 1263 2061 iurari
1286 1996 1378 2060 solita

184 2095 288 2160 iurare
310 2099 464 2174 teneatur,

560 2271 617 2337 De
639 2273 802 2338 salario
825 2273 1003 2356 pedelli,

270 2409 390 2474 Statuit
412 2411 555 2490 facultate,
579 2413 661 2497 quod
684 2414 819 2496 quilibet
847 2413 1067 2478 baccalaureus
1098 2415 1130 2478 in
1155 2415 1297 2498 qualibet
1319 2439 1375 2480 an·

186 2515 275 2600 geria
298 2521 441 2582 teneatur
463 2519 585 2603 pedello
607 2519 786 2602 persoluere
808 2523 942 2602 quatuor
965 2519 1123 2598 denarios,
1146 2519 1281 2586 Sceleris
1304 2543 1377 2585 vero

183 2624 247 2683 tres
268 2620 411 2686 denarios
436 2623 565 2702 usuales,
590 2623 730 2707 alioquin
753 2625 793 2689 ad
815 2624 1048 2710 promotionem
1072 2625 1210 2709 aliquam
1233 2648 1297 2691 uon
1320 2626 1375 2691 ad-
1457 2647 1461 2652 ·

181 2725 337 2790 mittatur.

559 2903 617 2968 De
639 2905 796 2970 officio
819 2905 997 2988 notarij,

269 3041 349 3108 Item
372 3046 514 3110 notarius
537 3047 671 3112 scribere
692 3047 788 3111 habet
819 3045 982 3110 duodecim
1014 3045 1231 3111 intimationes
1252 3070 1377 3132 promo-

182 3148 354 3213 uendorum
377 3170 434 3232 pro
456 3156 587 3234 vtroque
610 3151 719 3237 gradu,
806 3191 808 3196 ·

268 3253 348 3318 Item
374 3254 469 3320 binas,
484 3255 609 3320 carthae
632 3277 690 3341 pro
712 3261 786 3320 taxa
808 3278 989 3340 pauperum.

269 3358 350 3424 Item
373 3380 509 3424 recessus
532 3362 665 3426 duarum
688 3363 847 3427 rationum
872 3384 927 3445 per
943 3362 1095 3426 decanum
1110 3361 1294 3439 fiendamm,
1318 3383 1377 3445 pro

146 3449 149 3456 ⁵
184 3466 310 3550 quibus,
333 3466 466 3551 singulis
482 3468 714 3532 mutationibus
729 3490 783 3532 seu
807 3469 947 3550 tempore
962 3466 1134 3546 rationum,
1159 3467 1188 3531 ei
1204 3466 1271 3531 dari
1286 3466 1378 3531 debet

185 3593 264 3636 vnus
286 3570 432 3649 forenna,

271 3676 352 3740 Item
368 3677 511 3742 notarius
527 3677 743 3743 intimationes
758 3678 792 3742 in
808 3679 988 3762 peractione
1005 3676 1206 3762 exequiarum
1223 3679 1255 3741 et
1270 3676 1376 3741 omnia

183 3781 245 3847 alia
267 3782 449 3846 facultatem
472 3782 692 3848 concernentia
714 3783 848 3847 seribere
863 3781 963 3847 debet.
1010 3782 1042 3848 Si
1069 3782 1144 3866 quid
1167 3786 1272 3847 autem
1294 3783 1377 3845 vltra

183 3888 333 3972 premissa
362 3889 542 3973 scripserit,
575 3888 612 3951 de
640 3911 676 3952 eo
707 3887 867 3974 singulare
898 3892 1078 3972 competens
1107 3886 1202 3952 habet
1224 3886 1374 3971 precium,

181 3994 249 4059 sine
271 3999 377 4060 tamen
401 3993 472 4058 dolo
494 3998 526 4057 et
547 3993 666 4058 fraude.

181 4168 441 4234 Decautioue
456 4168 727 4234 etsolutione
742 4168 1018 4253 pecuniarum
1033 4168 1376 4253 procuratoribus

181 4273 406 4357 veriusque
427 4274 494 4338 vie
515 4297 534 4338 a
556 4274 769 4339 facultate
792 4274 949 4338 artium
973 4277 1111 4338 mutuo
1133 4274 1375 4351 dandarum,

269 4413 351 4478 Item
372 4412 505 4478 facultas
528 4414 663 4494 artium,
695 4420 730 4480 vt
752 4416 805 4500 pia
827 4425 946 4496 mater,
982 4416 1159 4501 prospicere
1181 4418 1289 4482 volens
1312 4416 1376 4481 suis

173 4520 265 4586 circa
296 4542 436 4585 mensam
467 4519 643 4600 bursalem,
683 4526 794 4587 mutuo
825 4522 912 4587 dedit
938 4523 1195 4608 procuratoribus
1229 4521 1377 4607 cuiusque
