3460 5314
599 451 716 510 starum
736 453 803 509 1477
822 455 940 510 111505.

302 733 356 801 De
379 735 491 800 modo
514 737 803 820 presentandi
825 737 1234 803 Baccalaureandos.

255 913 306 976 61.
343 910 464 976 Statuit
486 910 637 988 facultas,
660 915 695 974 11
718 911 897 995 quicunque
921 911 1063 979 Scolares
1087 937 1106 978 a
1127 913 1372 998 temptatoribus

161 1038 239 1082 cum
258 1016 385 1093 decano,
410 1036 503 1098 quem
518 1036 645 1099 semper
659 1037 698 1082 ex
714 1015 819 1082 officio
836 1018 1038 1102 temptamini
1054 1019 1202 1084 interesse
1212 1017 1371 1094 volumus,

161 1121 287 1206 reperti
310 1121 430 1186 fuerint
452 1119 568 1204 ydonei
590 1120 629 1184 ad
653 1122 749 1185 talem
765 1122 899 1206 gradum
915 1124 972 1185 aut
994 1143 1051 1206 per
1075 1122 1226 1186 maiorem
1248 1129 1372 1206 partem

93 1223 99 1252 ¹
162 1227 341 1290 eorundem
364 1224 492 1292 iudicati
517 1224 636 1290 suerint
660 1225 863 1302 sufficientes,
888 1226 936 1289 vel
960 1226 1105 1305 decanus,
1133 1223 1295 1310 parilitate
1316 1247 1371 1291 ro-

165 1333 279 1396 torum
301 1329 473 1406 existente,
498 1325 542 1393 'ad
565 1351 660 1394 vnam
683 1335 806 1415 parbem
830 1331 1001 1395 secundum
1033 1353 1122 1396 suam
1145 1331 1372 1396 conscienciam

165 1435 387 1510 declinauerit,
411 1434 490 1500 tales
512 1433 653 1498 Scolares
685 1457 742 1518 per
764 1434 925 1500 Seniorem
949 1435 1139 1520 Magistrum
1162 1436 1372 1520 1111111111-

161 1542 269 1604 torem
300 1561 359 1622 pro
391 1544 469 1604 tunc
499 1538 531 1601 in
566 1538 717 1604 facultate
751 1539 790 1604 ad
821 1539 880 1604 hoc
911 1545 1104 1625 congregata
1134 1541 1201 1604 sine
1223 1540 1371 1624 scrupulo

162 1643 362 1709 consciencie
394 1643 553 1706 decano
584 1641 634 1706 rel
664 1642 729 1708 cius
760 1643 864 1708 locum
893 1644 1015 1708 tenenti
1047 1648 1369 1728 presentantur.

166 1747 231 1824 Qui
254 1752 331 1812 tunc
354 1747 427 1812 illos
451 1747 484 1810 in
508 1747 690 1812 facultatem
714 1751 877 1832 acceptare
899 1748 1016 1814 habeat
1038 1754 1070 1814 et
1092 1750 1285 1834 approbare,
1309 1749 1373 1814 nisi

166 1855 358 1918 canonicum
392 1852 552 1917 obstiterit
582 1853 864 1936 impedimentum,
897 1875 991 1938 super
1015 1875 1078 1937 quo
1101 1853 1272 1938 Magistros
1294 1857 1371 1919 tunc

166 1961 334 2042 presentes
366 1957 507 2040 requirat
536 1957 693 2041 faciatque
727 1963 822 2042 prout
851 1957 997 2022 facultati
1025 1957 1184 2022 ridebitur
1214 1957 1370 2042 expedire.

168 2061 214 2126 Et
238 2063 423 2146 prinsquam
454 2062 695 2145 incorporentur
723 2063 790 2127 siue
813 2063 847 2126 in
870 2063 1068 2128 consorcium
1091 2062 1372 2128 Baccalaureorum

167 2173 279 2232 nostre
311 2167 471 2232 facultatis
503 2167 735 2250 suscipiantur,
766 2168 919 2248 iurabant
947 2191 983 2232 ea
1013 2173 1148 2253 puncta,
1178 2189 1240 2251 que
1264 2171 1372 2251 postea

167 2271 377 2336 continentur
400 2271 458 2336 sub
482 2272 593 2336 rubro:
622 2273 659 2336 de
684 2273 860 2338 iuramento
883 2279 957 2339 ante
980 2273 1277 2338 determinacionem
1292 2271 1371 2336 Bac·

166 2377 394 2442 calaureorum.

166 2609 262 2670 nator
291 2606 384 2671 debet
413 2628 517 2671 carere
546 2610 615 2669 1111
636 2606 787 2689 pecunia,
824 2627 884 2688 que
906 2605 999 2668 datur
1021 2626 1079 2688 pro
1102 2603 1257 2668 examine.
1304 2599 1371 2676 Quo

165 2710 296 2793 quidem
319 2711 452 2795 pecunia
480 2711 546 2775 illis
568 2711 709 2794 personis
732 2710 956 2788 distribuatur,
993 2707 1030 2774 de
1054 2709 1169 2792 quibus
1193 2707 1369 2772 1111111111-

165 2817 308 2881 minator
339 2820 542 2900 surrogatur,
574 2817 620 2881 ita
649 2817 731 2899 quod
762 2816 800 2879 de
831 2815 892 2879 tali
921 2814 1071 2899 pecunia,
1103 2809 1371 2876 examinatoribus

165 2919 257 3002 prius
279 2920 386 2984 electis
409 2919 491 2984 nihil
515 2921 621 2998 cedat,
645 2922 698 2987 sed
722 2924 825 2998 totum
849 2921 932 2998 illis,
960 2919 1014 3004 qui
1037 2921 1186 2984 tenentur
1209 2917 1372 3000 expectare

164 3026 336 3090 secundam
358 3025 550 3091 electionem.

256 3129 339 3194 Item
362 3131 503 3214 pecunia,
531 3153 591 3215 que
614 3131 707 3193 datur
728 3127 997 3193 examinatoribus
1019 3127 1103 3190 inter
1125 3123 1371 3190 examinandum

167 3258 229 3320 pro
252 3237 456 3313 munusculis,
480 3237 583 3320 primo
605 3236 673 3300 loco
696 3234 746 3298 111
768 3234 846 3298 alias
865 3254 923 3316 pro
940 3230 1175 3307 collationibus,
1198 3228 1288 3295 cedat
1311 3226 1370 3291 soli

168 3344 345 3426 surrogato.

256 3445 339 3510 Item
368 3446 395 3508 si
424 3447 538 3528 aliquis
568 3447 799 3528 temptatorum
823 3441 872 3505 vel
894 3442 1165 3516 examinatorum,
1200 3437 1268 3502 sine
1289 3437 1371 3500 scitu

169 3557 202 3615 11
217 3571 382 3628 consensu,
405 3555 441 3614 11
455 3573 559 3634 supra,
584 3549 694 3624 abiret,
718 3548 884 3631 pecuniam
901 3568 997 3629 quam
1011 3567 1069 3631 pro
1085 3543 1227 3610 examine
1241 3540 1370 3627 accepit,

168 3655 299 3720 reddere
328 3659 469 3732 tenetur,
500 3675 578 3737 que,
603 3657 636 3717 11
659 3673 772 3736 supra,
796 3651 1021 3728 distribuatur,
1045 3653 1077 3714 et
1099 3649 1209 3714 statim
1232 3647 1313 3711 alius
1336 3646 1371 3708 in

168 3759 274 3823 locum
297 3757 362 3822 eius
396 3759 540 3842 eligatur.
587 3756 648 3832 cui
670 3756 716 3820 111
738 3756 855 3820 electus
890 3757 923 3819 et
951 3757 1136 3838 surrogatus
1166 3773 1293 3816 omnem
1314 3771 1370 3833 pe·

169 3863 306 3940 cuniam,
330 3885 391 3946 que
414 3861 481 3926 dari
504 3861 585 3925 solet
607 3883 665 3944 pro
687 3860 822 3938 birreto,
854 3859 1049 3924 munusculis
1072 3862 1104 3922 et
1126 3856 1204 3921 alias
1227 3877 1285 3940 pro
1307 3854 1371 3918 ccl·

170 3967 360 4043 lationibus,
395 3967 500 4031 leuare
534 3965 666 4043 habeat,
695 3967 728 4028 et
760 3963 815 4028 ille
843 3961 952 4026 abiens
976 3963 1184 4027 nihilominus
1205 3958 1368 4024 facultatis

169 4072 254 4149 fisco,
279 4071 368 4136 iuxta
390 4075 546 4135 statutum
569 4069 718 4146 eiusdem,
742 4070 818 4134 duos
841 4068 946 4133 soluat
973 4068 1118 4132 florenos.

259 4174 341 4240 Item
363 4175 576 4253 vicedecanus,
599 4175 654 4257 qui
676 4174 817 4258 prestitit
839 4173 1051 4237 iuramentum
1077 4176 1230 4254 tanquam
1252 4170 1371 4234 exami-

171 4286 280 4361 nator,
311 4283 526 4348 emolumenta
555 4280 694 4346 eiusdem
725 4278 880 4344 examinis
913 4301 969 4362 per
991 4281 1094 4341 toturn
1117 4297 1248 4340 examen
1270 4275 1371 4359 perci·

170 4409 244 4470 pere
267 4386 371 4452 habet.
