3442 5314
306 375 349 439 24
584 371 609 426 4.
636 367 796 440 Papetliche
814 367 898 422 Bulla
915 383 980 422 vom
999 368 1040 422 13.
1060 365 1132 422 Nou.
1152 365 1228 423 1476.

305 533 474 600 secundum
498 528 668 596 earundem
690 527 756 592 vim
777 527 913 592 formam
936 528 968 590 et
982 527 1127 589 tenorem
1141 523 1224 592 lactc
1240 526 1368 608 lirerint,
1392 549 1429 592 ac
1450 550 1508 612 per

305 662 362 705 nos
385 641 511 722 accepte
533 640 566 701 et
588 634 732 712 admisse,
755 633 906 698 vnionem
930 630 1138 696 annexionem
1161 635 1194 696 et
1216 631 1509 717 incorporacionem

302 743 484 810 huiusmodi
506 741 651 807 effectum
673 740 804 805 sortitas
827 759 910 815 esse,
934 737 970 802 in
992 736 1103 801 roboro
1125 736 1232 801 debito
1254 737 1387 814 existere
1410 736 1507 801 simili

304 849 492 915 auctoritate
514 845 687 931 apostolica
707 845 800 910 nobis
823 843 989 909 commissa
1005 863 1043 906 cx
1067 863 1152 907 nunc
1173 846 1269 927 prout
1291 845 1429 907 extunc
1452 841 1506 907 ds·

303 955 477 1031 claramus,
508 952 616 1036 Atque
638 951 769 1016 cuilibet
790 948 1026 1034 resignancium
1049 948 1219 1012 earundem
1240 947 1426 1032 pensionem
1449 969 1507 1011 an-

304 1081 420 1135 nuam,
451 1057 489 1122 de
511 1079 574 1140 qua
596 1056 819 1121 auersatum
842 1054 956 1132 luerit,
987 1074 1080 1138 super
1102 1053 1257 1118 fnrctibus
1279 1051 1454 1118 redditibus
1475 1055 1509 1116 et

304 1162 511 1250 prouentibus
540 1160 786 1246 parrochialium
818 1159 1019 1225 ecclesiarum
1051 1157 1284 1244 resignatarnm
1316 1157 1507 1236 huiusmodi,

306 1268 409 1352 quoad
432 1265 549 1331 uixerit
570 1264 621 1330 uel
644 1264 730 1330 illius
753 1264 898 1349 legitimo
920 1261 1126 1346 procuratori,
1150 1262 1208 1327 sub
1230 1263 1320 1347 penis
1342 1266 1375 1327 et
1397 1284 1508 1328 censu·

304 1371 350 1435 ris
373 1369 590 1436 ecclesiasticis
614 1391 650 1434 ac
670 1371 704 1433 in
728 1368 874 1434 terminis
896 1371 929 1432 et
951 1367 1028 1432 locis
1043 1367 1219 1432 statuendis
1242 1368 1367 1454 integre
1389 1371 1507 1454 persol-

306 1476 442 1541 uendam
465 1475 534 1559 pari
556 1474 745 1539 auctoritate
774 1495 971 1538 reseruemus
1000 1471 1223 1537 constituimus
1245 1476 1277 1536 et
1298 1473 1506 1558 assignamus,

304 1579 458 1648 Volentes
489 1580 673 1666 pensionem
704 1579 736 1642 εὴ
765 1577 933 1662 pensiones
963 1561 1143 1640 huiusmodi
1174 1576 1263 1640 iuxta
1284 1577 1508 1644 reseruacionis

304 1690 337 1751 et
358 1685 585 1771 assignacionis
606 1683 787 1762 earundem,
810 1681 838 1747 si
860 1703 912 1746 eas
935 1680 1005 1745 fieri
1028 1681 1208 1766 contigerit,
1232 1684 1377 1746 tenorem
1398 1680 1506 1746 efficu-

306 1789 385 1855 citcr
407 1790 554 1875 persolui.

394 1895 574 1961 &seruatis
597 1895 728 1979 desuper
751 1892 909 1958 mandatis
931 1896 964 1956 et
985 1891 1181 1977 processibus
1202 1891 1236 1956 in
1253 1891 1508 1958 Contradictores

304 2001 387 2066 dicta
402 2001 589 2066 auctoritate
611 1999 782 2084 apostolica
804 1997 1011 2064 fulminandis
1025 1997 1044 2074 ¹,
1068 2018 1163 2081 super
1184 1997 1299 2081 quibus
1321 1998 1508 2083 disponendi

307 2106 474 2172 ordinandi
495 2104 631 2170 faciendi
653 2108 685 2169 et
707 2102 880 2187 exequendi
903 2103 930 2166 si
953 2105 985 2166 et
1008 2104 1103 2186 prout
1117 2102 1270 2186 temporis
1291 2107 1398 2168 tractu
1421 2104 1506 2168 vide-

304 2210 391 2276 bitur
420 2213 612 2295 oportunum
642 2212 674 2273 εὴ
697 2209 842 2293 expedire
873 2207 964 2272 nobis
986 2209 1179 2292 potestatem
1201 2207 1416 2273 omnimodam
1439 2212 1506 2294 ple-

305 2337 441 2400 namque
462 2315 646 2380 facultatem
669 2336 708 2378 cx
730 2335 815 2378 nunc
836 2313 995 2378 saluamus
1017 2316 1051 2377 et
1071 2312 1252 2376 retinemus.
1299 2311 1508 2380 [tenerur-ntes

306 2419 403 2485 etism
425 2419 516 2484 nobis
539 2423 572 2484 ct
594 2424 753 2485 reseruata
775 2441 841 2484 esse
863 2419 1004 2484 volentes
1027 2416 1134 2482 omnia
1167 2421 1198 2480 et
1221 2417 1350 2503 singula
1371 2417 1450 2482 alias
1473 2418 1506 2482 in

305 2521 490 2608 preinscrtis
513 2522 615 2588 literis
638 2523 819 2607 apostolicis
836 2523 928 2588 nobis
944 2521 1181 2606 quomodolibet
1196 2542 1352 2601 concesse,
1376 2522 1418 2587 Et
1434 2546 1506 2608 pre·

307 2628 418 2692 sertim
445 2627 631 2692 facultatem
661 2627 752 2692 nobis
783 2625 945 2692 statuendi
975 2631 1008 2691 et
1035 2630 1156 2690 statuta
1187 2627 1323 2693 faciendi
1346 2627 1453 2694 datam
1475 2633 1508 2694 ct

305 2753 502 2808 concessam,
536 2731 712 2814 dequibus
743 2752 812 2795 cum
837 2735 868 2794 et
890 2731 945 2796 ubi
975 2734 1168 2816 oportunum
1190 2732 1294 2796 visrrm
1315 2733 1413 2798 fuerit
1434 2755 1507 2819 pre·

304 2840 410 2901 stante
431 2837 560 2901 domino
582 2857 655 2920 sepe
684 2834 768 2900 dictu
790 2835 978 2900 auctoritate
1007 2837 1226 2902 execucionem
1249 2837 1388 2906 debitam
1410 2841 1506 2906 facie·

305 2963 384 3006 mus.
430 2940 504 3006 Non
527 2943 674 3007 obstante
696 2943 728 3006 iu
752 2940 916 3025 premissis
938 2941 1084 3006 omnibus
1098 2946 1130 3006 et
1145 2942 1283 3028 singulis
1312 2966 1372 3028 que
1395 2967 1506 3030 supra·

305 3045 407 3110 dictus
429 3046 576 3111 dominus
599 3051 707 3112 noster
730 3046 817 3130 Papa
839 3044 898 3110 hac
920 3047 954 3110 in
976 3051 1067 3131 parte
1088 3047 1153 3110 suis
1185 3047 1287 3112 literis
1318 3049 1421 3114 voluit
1443 3073 1507 3116 non

305 3150 438 3228 obstare,
462 3149 625 3216 Adhibitis
657 3154 689 3216 ct
717 3151 851 3216 seruatis
884 3151 918 3214 in
940 3149 1002 3214 hiis
1033 3155 1065 3216 et
1096 3151 1179 3216 circu
1203 3175 1239 3216 ea
1261 3153 1506 3221 solennitatibus

304 3258 337 3320 et
359 3256 489 3321 cautelis
512 3257 549 3321 de
580 3258 647 3320 inre
677 3255 709 3318 in
736 3255 854 3321 talibus
887 3257 1050 3320 obseruari
1073 3255 1231 3320 consuetis
1254 3260 1286 3320 et
1309 3257 1505 3338 adhibendis,

304 3358 506 3424 decernentes
530 3364 625 3444 prout
647 3361 749 3426 dictus
772 3361 918 3426 dominus
941 3365 1050 3426 noster
1066 3384 1149 3447 papa
1164 3361 1303 3426 decreuit
1325 3363 1452 3428 irritum
1475 3369 1507 3429 et

307 3465 402 3528 inane
423 3464 451 3528 si
473 3485 561 3528 secus
583 3487 678 3550 super
707 3466 770 3530 hiis
792 3489 812 3530 a
843 3489 1002 3551 quoquam
1025 3467 1137 3551 qnsuis
1162 3467 1350 3533 auctoritate
1372 3469 1507 3535 scienter

308 3568 358 3632 vel
381 3568 566 3652 ignoranter
590 3571 761 3656 contigerit
783 3573 977 3657 attemptari.

391 3669 429 3736 Is
453 3697 581 3747 ovonvn
601 3699 727 3740 ounrva
749 3701 788 3740 nr
813 3700 1014 3744 srscvnonvu
1036 3679 1130 3744 fidem
1146 3683 1179 3742 et
1194 3678 1412 3742 testimonium
1434 3702 1507 3765 pre·

307 3779 475 3844 missorum
498 3783 659 3862 presentes
680 3779 789 3845 literas
818 3781 886 3846 siue
908 3803 1037 3866 presens
1068 3784 1231 3866 publicum
1254 3783 1507 3850 Instrumentum

304 3883 485 3948 huiusmodi
515 3887 657 3949 nostram
680 3886 874 3950 sentenciam
904 3891 936 3951 et
959 3887 1119 3952 decretum
1148 3889 1273 3972 aliaque
1297 3890 1450 3974 premissa
1472 3891 1506 3954 in

304 4009 337 4054 se
360 3988 546 4067 continens,
577 3991 689 4054 exinde
720 3991 790 4055 ficri
818 3996 850 4055 et
880 4012 935 4074 per
965 3990 1115 4057 Notarius
1148 3992 1290 4076 publicos
1319 3993 1507 4079 Scribaaquc

304 4097 428 4157 nostros
450 4093 535 4158 infra
556 4099 682 4160 notatos
704 4094 859 4160 subscribi
882 4100 915 4160 et
937 4096 1092 4179 publicari
1128 4117 1164 4161 ac
1185 4097 1290 4182 Sigilli
1312 4099 1415 4163 nostri
1437 4099 1506 4165 Ab·

303 4197 431 4263 bacislis
455 4199 602 4264 iussimus
625 4206 656 4266 et
678 4200 809 4266 fecimus
832 4202 1024 4287 appensione
1047 4201 1246 4266 communiri.

377 4425 390 4478 1
410 4440 468 4478 sva.
486 4424 707 4497 promulgandis.
