3460 5314
339 498 403 562 336
805 493 936 552 I'acultaa
953 495 1074 550 Artium.

424 653 466 720 Et
489 652 659 720 secundum
682 652 764 717 hanc
786 653 1021 718 ordinacionem
1043 651 1177 717 Sceleris
1208 675 1265 737 per
1296 654 1458 741 integrum
1481 675 1538 717 an·

338 783 416 826 num
437 781 560 844 semper
581 759 676 823 habet
699 757 760 822 duo
783 758 934 824 exercicia
956 761 988 822 et
1010 779 1105 822 vnam
1129 757 1315 839 lectionem,
1339 760 1392 824 aed
1416 759 1455 823 ab
1477 757 1542 822 Vr-

340 866 417 931 bani
448 865 515 948 [25.
538 864 619 947 Mai]
651 886 749 948 usque
771 863 912 929 Vdalrici
943 864 987 946 [4.
1011 861 1092 946 Jul.]
1123 885 1218 927 vnam
1249 863 1344 928 habet
1376 863 1543 928 lectionem

341 975 373 1037 et
395 971 459 1035 tria
481 969 641 1034 exercicia.

433 1074 563 1141 Summa
596 1079 706 1160 paetus
740 1075 963 1140 exercitiorum
997 1074 1178 1139 formalium
1212 1076 1244 1138 et
1276 1073 1449 1138 lectionum
1483 1094 1542 1155 pro

338 1181 439 1267 gradu
461 1179 720 1246 Baccalaureatua
744 1185 923 1264 quatuor
945 1180 1110 1245 lloreni
1132 1179 1151 1243 ¹.

400 1353 620 1418 Exercicia
642 1376 741 1419 vero
764 1376 838 1439 pro
862 1354 1152 1421 Baccalauriia
1174 1373 1262 1417 cum
1286 1351 1483 1419 lectione.

426 1496 477 1556 24.
508 1490 705 1557 Phisicorum
727 1495 864 1575 quatuor
887 1492 983 1575 primi
1007 1491 1046 1556 Α.
1070 1492 1163 1558 lectio
1185 1496 1217 1557 et
1240 1493 1425 1558 exercitium
1448 1515 1541 1558 mane

339 1598 416 1663 hora
438 1601 536 1674 sexta,
559 1598 701 1681 precium
724 1620 787 1662 vna
808 1597 898 1662 libra.

426 1701 566 1778 Quatuor
596 1702 700 1767 vltimi
732 1701 849 1766 eisdem
871 1700 958 1765 horis
980 1701 1130 1787 legantur
1152 1705 1183 1766 ct
1206 1703 1434 1784 exercitentur,
1467 1725 1540 1788 prc-

340 1809 423 1873 cium
444 1804 505 1871 XV
527 1811 551 1890 β
572 1807 604 1870 h.

429 1911 477 1976 De
499 1910 565 1976 celo
595 1914 627 1976 et
650 1910 768 1975 mundo
799 1913 904 1994 preter
927 1911 1061 1976 tercium
1090 1910 1183 1976 lectio
1214 1911 1293 1976 hora
1314 1916 1403 1977 sexta
1424 1913 1544 1978 exerci-

341 2018 425 2083 cium
516 2023 531 2080 1
557 2016 629 2081 libr.
653 2015 684 2080 h.

430 2122 477 2186 De
499 2121 702 2207 generatione
725 2123 757 2185 et
772 2122 974 2205 corruptione
990 2121 1028 2187 Α.
1053 2123 1146 2187 leotio
1169 2126 1202 2186 et
1224 2123 1411 2187 exercicium
1434 2127 1468 2188 vt
1490 2145 1542 2187 su-

341 2248 408 2311 pra,
432 2225 572 2311 precium
596 2224 657 2291 XV
678 2228 702 2311 β
721 2224 753 2290 h.

431 2330 479 2394 De
500 2329 616 2408 anima,
640 2329 781 2414 precium
804 2327 903 2394 XIIII
925 2333 949 2414 β
968 2331 999 2394 h.

430 2435 640 2520 Metaphisica
662 2439 769 2519 preter
792 2436 925 2499 tercium
948 2442 980 2501 et
1002 2437 1201 2503 undecimum
1224 2460 1243 2501 a
1266 2437 1349 2503 Luce
1372 2439 1439 2520 [18.
1455 2435 1543 2519 Oet]

339 2561 437 2624 reque
459 2540 692 2625 purifioacionis
716 2540 760 2623 [2.
789 2539 897 2624 Febr]
921 2545 977 2606 aut
1000 2541 1165 2608 Valentini
1188 2544 1255 2625 [14.
1281 2543 1398 2624 Febr.],

429 2644 664 2711 Matheororum
695 2668 713 2710 a
746 2645 975 2729 purificationis
1006 2651 1062 2713 aut
1084 2646 1248 2714 Valentini
1278 2670 1375 2732 reque
1398 2646 1543 2731 Philippi

342 2749 386 2832 [l.
411 2749 501 2833 Mai}

428 2855 614 2921 Ethicorum
648 2860 680 2920 ct
712 2857 961 2923 economicorum
993 2879 1012 2921 a
1045 2857 1186 2942 Philippi
1216 2879 1313 2941 reque
1347 2855 1540 2922 Natiuitatis

343 2959 444 3024 Mario
466 2962 511 3043 [8.
539 2959 651 3045 Sept}

429 3063 605 3131 Paruorum
627 3067 821 3132 naturalium
845 3090 865 3132 a
886 3065 1076 3133 Natiuitatis
1098 3066 1200 3132 Maria
1222 3089 1320 3152 usque
1344 3067 1436 3132 Luce.

442 3239 670 3307 Exercicia
692 3243 1007 3308 conuentorum
1031 3264 1106 3326 pro
1128 3241 1430 3308 Baccalauriis.

430 3385 481 3446 25.
506 3379 689 3446 Ethicorum
706 3383 846 3466 quinque
861 3381 1052 3522 primorum)

496 3486 672 3552 Paruorum
686 3485 891 3553 Naturalium

496 3591 733 3658 Matheororum
744 3592 842 3657 trium
855 3527 1050 3685 primoruml

428 3693 557 3762 Summa
590 3701 700 3782 pastus
733 3717 790 3782 pro
829 3696 946 3762 eisdem
985 3698 1107 3762 actibus
1141 3695 1208 3762 IIII
1246 3697 1366 3761 florani.
1429 3695 1542 3781 ltaque

340 3800 566 3868 Baccalaureus
599 3802 755 3887 quottidie
786 3825 842 3887 per
871 3803 1023 3869 circulum
1054 3803 1130 3869 anni
1161 3801 1270 3866 diebus
1293 3803 1404 3867 saltem
1427 3802 1543 3886 quibus

340 3907 510 3993 legendum
533 3911 581 3973 est
603 3907 680 3973 duas
702 3908 852 3974 lectiones
874 3909 1006 3975 habebit
1028 3931 1099 3975 cum
1122 3908 1243 3974 duobus
1266 3907 1434 3972 exercitiis.

1070 3487 1183 3552 Paetus
1206 3484 1240 3551 H
1261 3485 1460 3552 florenorum.

458 4079 515 4147 De
537 4082 762 4149 ordinaria
784 4083 1088 4169 disputacione
1109 4083 1427 4170 Magistrorum.

428 4227 479 4290 26.
504 4223 626 4290 Statuit
647 4224 797 4304 facultas,
832 4223 915 4310 quod
938 4223 1094 4309 Magister
1116 4229 1189 4290 aotu
1211 4245 1344 4310 regens,
1377 4222 1544 4307 quociens·

339 4347 463 4414 cunque
486 4351 558 4395 eum
581 4328 658 4395 ordo
680 4330 833 4418 tetigerit,
857 4329 892 4395 in
914 4328 1027 4395 habitu
1056 4328 1281 4394 ordinarie
1311 4329 1545 4413 disputare

411 4555 423 4608 l
444 4550 494 4607 der
511 4553 622 4610 Golden
639 4577 674 4605 =
692 4555 727 4611 28
745 4552 890 4626 Schilling‚
909 4552 960 4612 dae
978 4551 1069 4610 Piund
1087 4551 1182 4612 Hellen
1199 4573 1235 4608 =
1255 4553 1288 4609 20
1307 4549 1453 4623 Schilling.
