3460 5314
305 447 369 512 310
771 442 901 499 Facultas
918 387 1033 498 medica.

346 693 401 759 De
422 692 545 758 huius
568 691 699 759 studii
722 689 1118 756 administrationis
1141 693 1361 777 principe,
1386 693 1482 776 qui‘

710 797 891 862 decanus
915 796 1082 862 dicitur.

813 969 939 1036 Titulus
962 970 988 1036 Ι.

396 1131 486 1197 Intra
508 1135 671 1209 octauum,
702 1151 764 1214 quo
786 1130 903 1196 Rector
926 1129 1149 1195 Vniuersitatis
1179 1130 1303 1196 scholae
1329 1130 1423 1195 huius
1446 1129 1502 1193 de·

308 1241 451 1325 signatus
468 1238 697 1324 magistratum
719 1235 794 1300 iniit
815 1236 907 1317 diem,
931 1236 1016 1301 illius
1037 1235 1189 1320 temporis
1211 1233 1403 1301 Decanus
1426 1254 1501 1298 con·

313 1343 425 1406 silium
443 1344 539 1409 studii
562 1343 743 1420 medicinae,
767 1342 801 1405 in
824 1363 886 1426 quo
910 1341 989 1406 nulli
1010 1341 1074 1406 nisi
1090 1341 1144 1424 qui
1167 1344 1204 1406 ut
1225 1340 1381 1406 ordinarie
1402 1337 1503 1404 medi·

310 1447 413 1512 cinam
439 1447 571 1513 doceant
595 1443 634 1512 ab
657 1447 873 1512 Vniuersitate
904 1447 997 1512 huius
1020 1447 1143 1512 scholae
1165 1447 1310 1513 conducti
1332 1450 1407 1510 sunt
1429 1467 1503 1510 cen·

309 1554 435 1630 sentor,
467 1553 506 1617 ad
538 1553 764 1638 designandum
797 1553 1021 1636 semestris
1053 1553 1256 1636 temporis
1286 1551 1504 1616 Decanum

310 1661 470 1736 conuocat,
493 1658 548 1722 nbi
571 1657 618 1723 illi
641 1681 715 1723 sane
729 1659 757 1724 is
773 1659 976 1724 demandetur
992 1658 1102 1739 bonor,
1126 1659 1176 1723 cui
1192 1658 1321 1743 plurimi
1336 1656 1504 1742 suffragati

308 1762 382 1840 sint,
406 1767 438 1828 et
459 1785 552 1846 quem
574 1765 649 1829 ordo
673 1764 858 1851 poposcerit,
881 1787 900 1830 a
922 1765 1043 1830 seniore
1065 1764 1147 1829 eninr
1171 1764 1210 1828 ad
1232 1763 1386 1828 iuniorem
1408 1766 1440 1827 et
1462 1761 1504 1832 ab

310 1867 371 1932 hoc
392 1889 500 1932 rursus
521 1869 559 1934 ad
582 1869 673 1934 illum
696 1869 969 1955 progrediendum.
1013 1868 1204 1956 Designatus
1227 1869 1370 1934 Dccanus
1393 1864 1504 1932 statim

315 1972 538 2057 magistratum
561 1973 665 2054 ineat,
696 1975 778 2059 quod
806 1974 833 2039 si
856 1976 941 2040 intra
963 1975 1056 2039 unius
1078 1974 1140 2039 diei
1163 1974 1300 2059 spatium
1323 1973 1425 2038 facere
1447 1991 1504 2036 nc·

310 2077 447 2162 glexerit
476 2082 508 2142 et
536 2078 674 2144 delatum
704 2079 764 2144 sibi
797 2081 1018 2166 magistratum
1049 2081 1188 2165 accipere
1217 2079 1284 2145 sine
1305 2079 1389 2144 iusta
1410 2098 1505 2142 exeu-

311 2181 432 2248 satione
454 2185 626 2266 recusarit,
659 2185 792 2250 multam
815 2186 935 2250 aerario
958 2186 1054 2250 studii
1077 2185 1246 2250 medicinae
1268 2185 1384 2250 soluito
1406 2184 1505 2248 duum

310 2287 504 2354 florinorum.
1067 2309 1069 2314 ·

659 2464 957 2531 Jusiurandum
982 2461 1145 2530 Decani.

399 2602 490 2667 Juret
511 2603 593 2668 uelle
614 2625 664 2668 res
686 2603 782 2668 studii
805 2604 978 2669 medicinae
1005 2626 1041 2668 ac
1062 2626 1176 2669 munus
1199 2605 1259 2669 sibi
1285 2599 1423 2670 delatum
1446 2627 1504 2670 cu·

311 2729 380 2772 rare
402 2707 588 2794 diligenter,
623 2709 706 2793 quod
736 2709 837 2774 facere
870 2731 902 2774 se
932 2710 1121 2774 conueniens
1151 2710 1193 2774 sit
1224 2709 1308 2775 haud
1331 2710 1504 2795 negligere,

312 2834 412 2897 neque
434 2813 601 2897 quicquam
632 2813 715 2896 quod
737 2813 811 2877 huic
841 2813 945 2878 studio
968 2813 1083 2878 damno
1106 2833 1173 2878 esse
1197 2814 1296 2899 possit
1318 2813 1504 2880 machinari.

312 2917 432 2996 Libros,
456 2918 593 3003 signum,
617 2919 791 3003 pecuniam,
815 2919 931 2998 literas,
956 2918 1090 3002 denique
1104 2918 1242 3004 singula,
1258 2940 1338 3001 quae
1352 2943 1371 2984 a
1386 2919 1505 3004 prioris

313 3022 471 3088 semestris
493 3021 618 3088 Decano
648 3023 681 3086 in
711 3042 784 3086 arca
804 3022 942 3108 reposita
964 3022 1136 3106 acceperit,
1171 3025 1316 3088 accurata
1338 3023 1507 3110 diligentia

314 3133 345 3193 et
359 3127 512 3192 fidelitate
526 3127 691 3193 custodire.
736 3127 828 3194 Intra
842 3131 912 3193 octo
928 3126 1050 3193 dierum
1065 3127 1216 3212 spatium,
1240 3149 1301 3212 quo
1316 3129 1508 3216 magistratu

314 3233 437 3312 abierit,
461 3233 598 3299 rationes
621 3235 775 3319 deponere
803 3234 886 3318 apud
917 3233 1014 3298 stadii
1035 3233 1206 3298 medicinae
1230 3233 1444 3312 consiliarios,
1474 3237 1509 3300 et

314 3341 340 3404 si
364 3339 438 3424 quid
460 3339 555 3404 ullius
583 3339 627 3404 rei
660 3343 715 3404 eut
737 3359 939 3404 nummorum
962 3337 1057 3416 desit,
1089 3361 1160 3404 mox
1185 3343 1350 3404 numerata
1372 3340 1508 3425 pecnnia

313 3467 438 3511 sarone.

712 3617 923 3683 Officium
945 3617 1105 3683 Decani.

402 3757 451 3822 No
473 3757 579 3823 abesto
609 3758 724 3842 oppido
753 3757 838 3823 ultra
867 3758 933 3823 dies
955 3757 1191 3843 quatuordecim
1218 3759 1280 3823 nisi
1302 3759 1509 3843 permissione

316 3862 446 3929 Consilii
469 3863 567 3928 studii
586 3862 690 3940 huius,
714 3885 846 3948 cumque
868 3863 927 3928 bac
947 3863 982 3927 in
1004 3885 1094 3928 suum
1111 3863 1213 3927 locum
1229 3863 1349 3929 seniore
1372 3887 1409 3928 ex
1432 3887 1509 3931 oon-

316 3968 444 4034 siliariis
466 3969 638 4034 substituto
661 3973 717 4034 sut
739 3991 830 4048 noua,
854 3971 881 4033 si
904 3991 966 4052 qua
982 3967 1147 4034 necessitas
1164 3971 1283 4054 urgeat,
1306 3968 1432 4035 Decano
1455 3971 1509 4036 de·

316 4074 452 4161 signato.
498 4073 636 4138 Nomina
658 4074 795 4154 illorum,
819 4074 873 4158 qui
888 4076 947 4140 sub
962 4075 1155 4160 magistratu
1171 4097 1226 4139 suo
1249 4075 1410 4140 doctoreos
1432 4098 1508 4140 con-

316 4178 414 4244 secuti
435 4183 511 4243 sunt
532 4179 666 4244 honores
695 4179 880 4266 singulatim
911 4181 945 4245 in
967 4180 1064 4245 albo
1095 4180 1194 4245 studii
1215 4178 1310 4244 huius
1332 4182 1509 4268 perscripta

316 4285 447 4362 habeto,
480 4307 563 4349 anno
592 4307 628 4350 ac
658 4285 708 4350 die
740 4286 862 4351 additis.
917 4285 1071 4352 Omnibus
1103 4286 1201 4350 studii
1231 4285 1324 4351 huius
1347 4287 1508 4354 doctoreos

317 4390 450 4456 honores
471 4391 505 4454 in
527 4389 742 4457 Vniuersitate
764 4391 888 4457 scholae
909 4391 1002 4456 huius
1026 4391 1219 4470 consecutis,
1249 4391 1277 4454 si
1299 4391 1364 4456 eius
1386 4392 1432 4457 rei
1455 4396 1504 4457 te·

319 4496 502 4564 stimonium
525 4497 672 4588 exigant,
706 4498 942 4586 diplomata
969 4502 1012 4562 dc
1042 4497 1194 4562 literas
1215 4500 1375 4575 testes,
1405 4495 1508 4562 forma
