3504 5322
326 482 389 548 410
872 475 974 530 Bursae.

325 645 477 717 mentum,
502 639 563 704 uisi
586 637 804 704 substituendo
826 637 923 702 talem
945 635 1174 713 vicerectorem,
1198 659 1269 701 curn
1293 636 1421 700 bursam
1443 636 1528 702 exire

327 745 471 810 voluerit.

412 850 494 915 Item
525 850 712 914 famulus
748 847 949 932 clauiger
980 849 1083 931 jurare
1117 849 1209 915 ‹lebet
1243 849 1275 912 in
1311 846 1527 930 assumptione

323 979 399 1034 sua,
431 956 513 1040 quod
547 956 681 1019 fideliter
710 953 853 1020 claudere
885 956 916 1016 et
939 953 1059 1036 aperire
1083 952 1176 1033 velit,
1211 953 1291 1017 nulli
1314 953 1417 1017 clunes
1441 972 1526 1015 com·

325 1063 452 1126 mittere
475 1062 542 1124 sine
565 1060 693 1123 licentia
714 1057 779 1122 veri
803 1059 851 1121 vel
874 1059 1072 1122 vicerectoris
1106 1061 1202 1142 atque
1232 1065 1305 1143 post
1335 1056 1527 1122 clausionem

324 1167 361 1230 de
384 1172 476 1231 nocte
498 1171 530 1230 et
550 1165 745 1248 apertionem
767 1163 807 1227 de
829 1185 921 1227 mane
943 1163 1046 1228 eidem
1062 1163 1200 1228 indelate
1216 1163 1318 1228 claues
1334 1167 1525 1247 presentare.

412 1271 493 1336 item
517 1269 654 1334 famulus
681 1271 804 1352 juratus
828 1270 1102 1353 quocienscunque
1133 1269 1270 1352 aliquem
1293 1269 1437 1334 emittere
1458 1269 1527 1335 vult

324 1376 512 1460 magistrum
534 1381 759 1440 conuentorem
782 1374 949 1439 altectore
974 1375 1067 1439 burse
1090 1375 1192 1439 claues
1216 1377 1313 1458 petat,
1340 1375 1394 1458 qui
1411 1373 1527 1439 Reclor

326 1481 479 1545 1111111111
502 1481 698 1563 interrogare
720 1479 822 1556 debet,
847 1502 940 1562 quem
963 1479 1108 1544 emittere
1131 1479 1224 1557 velit,
1248 1479 1306 1544 sub
1330 1501 1412 1564 pena
1434 1480 1527 1544 unius

329 1586 421 1650 solidi
444 1587 564 1649 tociens
588 1583 736 1667 quociens
758 1583 901 1648 omiserit
923 1583 1074 1648 soluendi.

411 1689 492 1755 Item
516 1690 702 1768 statuimus,
738 1694 774 1753 ut
798 1689 903 1753 nullus
927 1689 1009 1752 alius
1038 1712 1057 1753 a
1079 1687 1228 1772 predictis
1251 1689 1370 1754 scilicet
1393 1689 1527 1754 Rectore

324 1800 357 1860 et
380 1796 566 1861 vicerectore
600 1793 702 1858 claues
732 1793 850 1858 similes
885 1791 1028 1858 clunibus
1057 1793 1151 1857 burse
1173 1792 1288 1858 habeat
1309 1797 1455 1878 procuret
1478 1792 1525 1858 vel

327 1905 437 1966 utatur
460 1923 515 1984 per
537 1900 760 1984 juramentum.

609 2125 615 2144 .
667 2072 1001 2137 Desilentioin
1024 2094 1174 2137 mensa.

411 2215 491 2280 ltem
514 2219 580 2279 1111
603 2217 810 2280 conuentores
833 2235 928 2296 quam
950 2213 1096 2298 magistri
1112 2214 1208 2278 ceteri
1225 2237 1365 2280 mensam
1382 2216 1415 2280 in
1431 2217 1526 2280 bursa

325 2320 476 2384 habentes
506 2341 682 2404 congruum
713 2319 828 2384 debent
850 2318 966 2383 habere
996 2319 1217 2384 1111111111
1239 2319 1282 2383 in
1306 2343 1462 2400 mensa,
1493 2324 1526 2384 et

324 2447 433 2489 eorum
456 2425 599 2509 exemplo
631 2426 725 2490 etiam
749 2425 884 2489 scolares
907 2424 1055 2488 similiter·
1078 2424 1289 2502 inducantur,
1319 2429 1525 2508 teneaturque

324 2527 440 2594 Rector
464 2530 556 2595 burse
579 2532 627 2595 vel
650 2531 751 2595 vicem
775 2534 895 2607 teneus,
919 2531 953 2594 in
977 2529 1120 2594 absentia
1134 2551 1208 2594 vero
1223 2529 1350 2595 illorum
1372 2531 1428 2595 alii
1451 2553 1525 2595 con-

328 2639 491 2709 uentorcs‚
525 2636 648 2700 eosdem
671 2655 779 2699 omnes
802 2634 922 2698 hortari
947 2633 986 2698 ad
1010 2655 1184 2719 congruum
1208 2635 1372 2700 silencium
1395 2657 1525 2700 seruan-

322 2739 406 2818 dum,
430 2739 641 2804 hortationem
666 2761 733 2804 non
756 2742 901 2802 curantes
925 2739 1111 2803 denuntiare
1126 2739 1211 2804 infra
1233 2745 1303 2806 octo
1326 2741 1391 2806 dies
1413 2764 1524 2824 super-

320 2844 560 2909 intendentibus
591 2844 628 2908 de
651 2866 732 2928 pena
763 2843 1064 2928 transgredientium
1097 2845 1316 2924 arbitramus,
1349 2846 1408 2910 sub
1441 2867 1523 2930 pena

321 2949 454 3013 duorum
477 2949 648 3013 solidorum
664 2949 694 3012 h.
721 2949 840 3012 tociens
864 2948 1012 3031 quociens
1036 2949 1208 3014 omiserint.
1256 2949 1396 3014 Scolares
1419 2956 1524 3013 trans·

320 3055 499 3139 greelientes
518 3056 610 3138 juxta
632 3053 800 3118 arbitrium
824 3075 915 3118 suurn
939 3054 1102 3139 corrigant
1124 3059 1156 3118 et
1178 3055 1336 3140 castigent
1358 3055 1417 3119 sub
1441 3077 1522 3141 pena

321 3159 438 3226 eadem.

406 3265 488 3330 Item
520 3264 637 3330 Nullus
670 3269 772 3330 rector
802 3269 858 3330 aut
894 3267 1068 3330 conuentor
1100 3264 1195 3328 burse
1229 3265 1364 3329 scienter
1387 3263 1526 3347 aliquem

320 3393 399 3435 non
423 3371 768 3435 immatriculatu
778 3393 809 3434 11
833 3369 1408 3452 11111111111101111111111111111111
1431 3368 1526 3432 bursa

322 3499 379 3540 sua
401 3477 485 3541 ultra
508 3480 578 3540 octo
601 3476 666 3540 dies
689 3475 797 3540 foueat
811 3476 869 3540 sub
886 3497 968 3559 pena
986 3475 1079 3539 unius
1102 3475 1212 3540 floreni
1227 3496 1293 3538 ren.
1339 3473 1406 3539 Nec
1429 3472 1523 3538 etiam

320 3604 339 3645 a
360 3581 513 3645 beania
536 3603 725 3665 quemquam
749 3581 910 3646 absoluere
933 3584 1105 3665 presumat,
1129 3581 1191 3644 nisi
1207 3579 1386 3663 hujusmodi
1410 3577 1487 3642 intit
1509 3614 1524 3627 -

327 3685 406 3750 latio
429 3685 490 3748 sibi
514 3689 597 3750 certa
619 3687 717 3751 luerit
738 3686 797 3750 sub
820 3708 902 3770 pena
923 3687 1040 3751 eadem.

411 3789 492 3853 Item
508 3789 722 3856 Conuentores
739 3791 823 3855 infra
838 3791 980 3856 triduum
1003 3792 1120 3856 debent
1143 3789 1340 3874 publicos
1363 3789 1524 3854 lusores

319 3899 359 3959 11
391 3895 718 3962 11111111111111
747 3919 805 3962 111
835 3920 899 3961 101
923 3897 1139 3962 inobedientes
1169 3895 1300 3961 rebelles
1331 3895 1464 3960 discolos
1489 3917 1524 3959 uc

322 3999 494 4065 discordias
516 4004 548 4064 et
571 4003 818 4086 conspirationes
841 4002 992 4067 facientes
1008 4002 1137 4066 Rectori
1159 3999 1377 4064 uniuersitatis
1402 4000 1523 4064 denun-

321 4105 421 4184 ciare,
447 4105 615 4170 dummodo
638 4108 750 4171 saltem
773 4108 889 4171 moniti
912 4130 975 4172 nou
1000 4107 1198 4183 destiterint,
1223 4127 1279 4190 per
1298 4107 1524 4187 juramentum,

319 4212 355 4272 ut
387 4231 483 4293 supra
513 4212 546 4275 in
570 4212 672 4296 prima
696 4213 904 4296 promissione
928 4215 1172 4289 conuentorum,
1203 4233 1240 4275 eo
1263 4211 1350 4274 saluo
1374 4209 1456 4292 quod
1479 4207 1524 4272 sic

318 4316 440 4399 expulsi
464 4317 687 4381 nichilominus
711 4339 837 4382 censum
862 4317 964 4393 burse,
990 4317 1123 4400 lignalia
1138 4319 1170 4380 et
1185 4316 1247 4380 aliu
1261 4315 1433 4380 secundum
1449 4335 1523 4378 con-

319 4420 518 4485 suetudinem
543 4422 711 4487 bursa'rum
728 4446 783 4508 per
806 4423 1014 4486 mutationem
1029 4422 1259 4500 concernentia,
1284 4421 1377 4485 etiam
1398 4425 1523 4506 pastum

321 4547 379 4611 pro
402 4527 524 4590 actibus
547 4528 717 4592 scolasticis
739 4529 830 4610 juxta
853 4530 958 4590 ratum
981 4527 1132 4612 temporis
1155 4527 1276 4592 soluere
1298 4530 1476 4591 teneantur.
