3442 5314
439 481 465 536 4.
500 480 661 552 Pdpstliche
678 480 759 536 Bulle
777 497 842 538 vom
861 481 902 538 13.
921 481 992 539 Nor.
1012 483 1088 540 1476.
1323 485 1361 551 17

251 639 294 705 Et
316 639 541 706 nichilominus
556 643 584 706 si
600 641 637 707 ed
660 641 807 706 effectum
829 641 1063 727 premissorum,
1087 613 1266 708 obtinentes
1289 663 1363 726 par·
1410 646 1414 653 ’

162 744 316 810 rochiales
331 746 477 810 ecclesias
492 747 650 832 predictas
666 745 748 824 illas,
765 746 926 832 resignare
940 747 1107 828 voluerint,
1130 747 1363 833 resigneciones

162 849 344 914 huiusmodi
366 851 490 935 prefata
512 851 703 918 auctoritate
724 852 884 937 recipiatis
905 856 938 916 et
959 854 1153 934 admittatis,
1180 853 1287 938 cisque
1308 873 1365 937 per

164 977 218 1020 uos
241 955 374 1040 receptis
404 960 436 1020 et
463 957 609 1022 admissis
632 957 748 1022 eisdem
771 957 1024 1043 resignantibus,
1053 979 1092 1024 nc
1115 980 1152 1022 cx
1175 957 1363 1043 resignatio·

162 1059 256 1125 nibus
279 1059 460 1126 huiusmodi
483 1061 617 1126 nimium
637 1062 840 1147 dispendium
855 1063 1031 1147 paciantur,
1053 1064 1220 1149 pensiones
1243 1085 1364 1128 annuas

162 1165 201 1229 dc
223 1166 339 1250 quibus
363 1188 434 1230 cum
466 1167 511 1232 cis
535 1167 717 1232 concordari
739 1169 876 1253 poterit,
898 1190 991 1252 super
1013 1168 1169 1234 fructibus
1190 1168 1365 1234 redditibus

164 1273 198 1334 et
218 1269 427 1354 prouentibus
450 1271 696 1355 parrochialium
718 1271 918 1337 ecclesiarum
937 1273 1167 1359 resignate-rum
1188 1272 1366 1338 huiusmodi

161 1375 280 1440 eisdem
309 1375 544 1460 resignantibus
576 1377 678 1460 quoad
709 1377 866 1456 uiuerint,
898 1377 950 1442 uel
979 1378 1234 1462 procuratoribus
1257 1399 1364 1442 corum

162 1481 334 1564 subponis
363 1484 396 1544 et
427 1481 567 1546 censuris
596 1482 833 1563 ecclesiasticis,
864 1505 901 1547 ac
930 1483 963 1547 in
990 1484 1133 1548 terminis
1156 1487 1188 1548 et
1210 1483 1286 1548 locis
1308 1504 1367 1567 per

161 1607 220 1650 nos
242 1585 420 1650 statuendis
436 1585 562 1672 integre
577 1587 809 1671 persoluendas,
833 1592 888 1652 aut
903 1588 1148 1672 parochialium
1164 1587 1365 1653 ecclesiarum

163 1713 241 1774 quas
263 1691 515 1776 resignaverint,
546 1691 668 1756 fructus
692 1690 835 1756 redditus
863 1695 895 1755 et
917 1696 1089 1776 prouentus
1111 1693 1146 1756 iu
1167 1695 1238 1762 tora,
1257 1690 1309 1754 uel
1330 1691 1364 1756 in

162 1799 253 1880 parte
274 1817 347 1861 cum
368 1796 469 1862 libera
496 1796 647 1860 facultate
677 1794 750 1860 illos
779 1797 878 1862 eciam
903 1795 1034 1881 propria
1056 1795 1243 1862 auctoritate
1265 1796 1366 1882 perci·

162 1901 271 1986 piendi
293 1905 326 1966 et
347 1901 474 1966 leuandi
497 1901 582 1966 dicta
603 1901 792 1966 auctoritate
814 1901 982 1966 reseruetis
997 1902 1198 1966 constituatis
1212 1905 1245 1967 et
1263 1902 1365 1988 assig-

162 2008 255 2084 netis,
280 2007 430 2074 facientes
452 2007 619 2091 pensiones
642 2006 822 2072 huiusmodi
850 2007 941 2071 iuxta
962 2007 1188 2072 reseruacionis
1211 2008 1328 2074 constit
1350 2043 1366 2056 ·

162 2113 262 2178 cionis
285 2116 318 2177 et
340 2111 566 2198 assignacionis
588 2111 775 2190 earundem,
799 2113 827 2176 si
849 2134 901 2178 eas
922 2113 992 2178 ficri
1013 2113 1200 2199 contigerit,
1222 2118 1365 2180 tenorem

163 2217 331 2282 efficaciter
354 2217 502 2301 percolui,
527 2221 558 2281 ct
581 2238 645 2281 non
658 2216 889 2300 'permittentes
912 2218 1035 2284 eosdem
1057 2219 1272 2304 resignantes,
1302 2239 1365 2302 quo

163 2321 269 2386 minus
292 2322 457 2406 pensiones
480 2343 534 2386 scu
556 2320 680 2386 fructus
704 2321 885 2388 huiusmodi
907 2323 1093 2408 percipiant,
1119 2345 1176 2408 per
1198 2344 1365 2407 quoscum·

163 2449 224 2512 quc
249 2428 404 2512 impediri.
451 2428 705 2494 Contradictores
721 2428 911 2494 auctoritate
926 2433 1034 2494 nostra
1048 2429 1262 2514 appellacionc
1277 2431 1365 2511 post-

165 2533 270 2623 posita
300 2533 533 2618 compescendo.
596 2531 670 2596 Non
701 2533 902 2598 obstantibus
934 2533 1034 2617 priori
1064 2535 1227 2598 voluntate
1257 2535 1367 2596 nostre

166 2638 307 2722 predicta
330 2660 366 2703 ac
388 2637 488 2703 felicis
511 2637 739 2702 recordacionis
756 2637 913 2702 Bonifacii
929 2638 1022 2723 Papae
1037 2635 1118 2701 VIII
1141 2636 1365 2721 predecessoris

166 2741 278 2820 nostri,
302 2765 358 2827 per
381 2764 476 2826 quarn
499 2742 680 2808 huiusmodi
702 2743 916 2808 concessiones
932 2745 970 2808 de
983 2743 1139 2808 fructibus
1162 2743 1196 2806 in
1219 2741 1366 2806 absencia

162 2847 381 2932 percipiendis,
405 2849 473 2912 sine
489 2848 693 2932 prcfiuicione
710 2849 871 2932 temporis,
895 2849 964 2913 lieri
982 2848 1190 2932 prohibentur
1205 2849 1224 2926 ¹,
1247 2852 1280 2912 et
1295 2846 1365 2911 aliis

163 2953 342 3036 apostolicis
364 2975 401 3018 sc
422 2953 456 3018 in
482 2953 732 3036 prouincialibus
761 2953 858 3018 eciam
886 2954 1089 3038 synodalibus
1103 2952 1252 3018 Oonciliis
1273 2951 1366 3017 editis

162 3057 362 3142 generalibus
383 3059 434 3124 uel
457 3059 646 3142 specialibus
668 3060 949 3124 constitucionibus
976 3063 1009 3123 ct
1030 3057 1285 3124 ordinacionibus
1309 3077 1366 3120 uec

163 3184 227 3228 non
260 3163 342 3228 dicte
373 3163 500 3228 ecclesie
521 3161 552 3228 S.
578 3163 708 3249 Georgii
731 3165 908 3230 iuramento
931 3163 1171 3230 confirmacione
1193 3160 1367 3247 aptatolica

162 3269 212 3333 ucl
236 3268 346 3352 quouis
362 3268 425 3332 alia
446 3268 598 3334 firmitate
612 3270 777 3347 roboratis,
801 3270 930 3334 statutis
944 3273 976 3334 et
991 3267 1268 3334 consuctudinibus
1290 3287 1365 3330 con·

162 3373 269 3438 trariis
291 3373 548 3457 quibuscumque.
594 3373 704 3439 Eciam
734 3375 761 3439 si
783 3395 839 3459 per
869 3375 953 3459 ipsos
975 3375 1082 3440 decem
1103 3372 1312 3438 Canonicatus
1334 3374 1366 3434 et

162 3478 336 3561 prebendas
357 3499 415 3562 pro
438 3484 579 3563 tempore
603 3479 799 3556 obtinentes,
832 3480 870 3544 de
892 3480 956 3544 illis
978 3478 1139 3544 seruandis
1162 3481 1194 3540 et
1217 3498 1282 3542 nou
1305 3475 1365 3539 im·

162 3583 324 3666 patrandis
355 3583 456 3648 literis
477 3589 589 3650 contre
621 3585 678 3648 illa
699 3589 732 3648 et
762 3584 827 3648 illis
849 3583 1029 3668 impetratis
1059 3604 1112 3646 seu
1136 3581 1215 3646 alias
1238 3579 1365 3664 quouis-

162 3688 256 3752 modo
278 3688 430 3754 concessis
454 3709 518 3752 non
533 3691 651 3754 utendo
666 3693 805 3773 prestare
820 3689 1020 3773 contingeret
1035 3689 1259 3752 iuramentum.
1298 3681 1364 3748 Aut

162 3793 189 3855 si
210 3793 346 3878 primam
368 3815 432 3858 nou
456 3793 590 3858 fecerint
603 3796 645 3858 in
669 3795 776 3858 eadem
800 3795 930 3860 ccclesia
951 3793 983 3858 S.
1007 3792 1137 3878 Georgii
1160 3788 1364 3855 residenciam

161 3901 351 3976 muscatam,
375 3897 436 3964 Seu
459 3899 487 3964 si
510 3900 654 3984 episcopo
677 3900 802 3986 prefato
834 3901 945 3966 assde
974 3899 1147 3984 apostolica
1175 3897 1219 3962 sit
1240 3915 1365 3960 conces-

163 4023 232 4064 sum
255 4003 305 4066 uel
328 4003 536 4087 imposterum
562 4006 689 4070 concedi
712 4007 895 4092 contingat,
919 4007 1003 4090 quod
1024 4003 1198 4069 Canonicos
1220 3999 1365 4066 eeclesia·

162 4127 383 4172 murenarum
415 4109 555 4175 ciuitatis
589 4115 621 4175 et
643 4111 774 4176 diocesis
805 4133 862 4197 per
883 4111 1132 4174 subtractionem
1155 4110 1365 4192 prouentuum

163 4231 290 4276 suorum
309 4213 562 4280 canonicatuum
578 4219 610 4280 ct
625 4217 855 4300 prebendarum
871 4214 1056 4300 compellere
1078 4213 1205 4278 valeant
1227 4211 1266 4276 ad
1288 4211 1366 4274 resi·
1429 4203 1431 4208 ’

164 4313 299 4380 dandum
337 4320 546 4401 personaliter
569 4321 603 4386 in
626 4322 758 4401 eisdem,
785 4319 846 4386 Seu
869 4319 895 4384 si
917 4319 1061 4404 episcopo
1083 4322 1116 4382 et
1136 4315 1275 4402 capitulo
1297 4337 1368 4400 prc-

167 4471 370 4484 Μ..-

233 4543 245 4596 l
265 4561 287 4598 c.
307 4545 339 4600 15
358 4543 392 4601 de
405 4545 551 4618 rescriptis
569 4547 600 4601 in
618 4548 701 4603 Sexto
718 4547 738 4612 I,
758 4548 783 4601 3.

215 4650 344 4693 Urkunden
357 4652 399 4693 dor
412 4653 441 4694 U.
454 4653 584 4704 rohingus.
1130 4633 1155 4688 '2
