3460 5314
513 1461 812 1569 ultumas
849 1461 1079 1566 MEDICA.

785 1745 814 1818 I.

198 1934 426 2010 STATU'PA
468 1936 764 2054 FACULTATIS
799 1935 1110 2010 MEDICINALIS
1147 1937 1393 2014 VNIUERSI-

510 2061 649 2136 TATIS
669 2059 936 2134 TUWINGEN
968 2059 1076 2133 1497.

286 2235 325 2301 In
347 2238 474 2303 nomine
496 2243 603 2304 sancte
625 2244 657 2304 et
678 2238 839 2304 indiuidue
855 2236 1032 2301 Trinitatis.
1078 2235 1189 2300 Amen.
1236 2235 1282 2302 Vt
1303 2236 1396 2301 huius

199 2341 281 2406 alme
305 2343 521 2408 vniuersitatis
537 2344 714 2431 Tuwingen
736 2342 924 2429 percelebris
947 2342 1079 2406 facultas
1101 2341 1298 2406 medicinalis
1322 2342 1397 2426 (que

200 2469 257 2531 pro
279 2448 415 2512 sanitate
447 2448 574 2532 vitaque
597 2450 762 2516 hominum
793 2449 910 2513 tuenda
943 2451 974 2511 et
996 2448 1208 2511 conseruando
1229 2447 1397 2511 admodum

205 2552 288 2616 stilis
311 2557 343 2616 et
365 2554 541 2618 necessaria
562 2556 683 2641 existit)
717 2555 833 2642 iugiter
862 2554 969 2639 vigere
1000 2553 1128 2635 eiusque
1158 2547 1300 2618 membra'
1321 2575 1395 2638 pro-

207 2657 294 2722 ficere
325 2658 469 2737 valeant,
501 2660 568 2726 Nos
590 2661 735 2727 Decanus
766 2662 896 2745 ipsaque
924 2658 1057 2723 facultas
1088 2659 1281 2724 medicinalis
1315 2658 1397 2722 dicte

206 2754 422 2829 minersitatis
437 2766 571 2850 quedam
588 2766 724 2842 Statuta,
745 2764 927 2831 emembris
942 2765 1081 2829 eiusdem
1095 2764 1257 2842 seruanda,
1281 2763 1399 2828 edenda

202 2871 405 2935 meminimus
422 2872 588 2937 condenda
611 2876 643 2936 et
666 2861 861 2948 ordinanda,
884 2869 1023 2956 presenti
1046 2890 1170 2953 quoque
1195 2870 1310 2953 scripto
1333 2892 1399 2933 ma·

202 2978 276 3040 tura
310 2975 535 3042 deliberatione
565 2979 675 3063 preuia
705 2977 876 3061 diuinoque
904 2976 1031 3040 fauente
1063 2974 1180 3039 auxilio
1204 2975 1400 3039 instituimus

202 3080 364 3144 condimus
388 3086 420 3145 et
441 3083 632 3162 ordinamus,
656 3083 750 3160 hunc,
774 3083 829 3167 qui
851 3081 1047 3165 subscriptus
1070 3084 1127 3158 est,
1151 3085 1291 3145 tenorem
1315 3102 1399 3145 com·

203 3184 441 3269 prehendencia,
465 3186 624 3252 Potestate
638 3191 745 3251 tamen
762 3186 861 3250 libera
882 3189 913 3250 et
928 3184 1124 3259 auctoritate,
1147 3182 1273 3248 Statuta
1291 3183 1400 3250 huius·

202 3289 287 3354 modi
312 3291 502 3356 immutandi
535 3292 672 3377 augendi
704 3291 865 3356 minuendi
896 3289 1071 3374 corrigendi
1105 3288 1333 3372 interpretandi
1369 3293 1401 3355 et

203 3395 400 3475 declarandi,
444 3401 540 3483 prout
574 3397 676 3460 visum
709 3396 806 3460 fuerit
836 3395 980 3479 expedire
1013 3392 1115 3458 Nobis
1143 3397 1176 3458 et
1213 3394 1330 3457 nostris
1364 3397 1401 3460 de

202 3500 409 3566 uniuersitate
431 3506 463 3564 et
485 3500 637 3566 facultate
660 3501 896 3579 successoribus,
920 3499 1012 3584 plene
1034 3501 1200 3563 reseruata.

443 3677 499 3742 De
522 3678 736 3743 electione
758 3685 799 3742 et
820 3675 977 3742 officio
1000 3675 1160 3740 decani.

293 3815 467 3882 statuimus
489 3819 596 3902 itaque
619 3820 783 3903 inprimis,
813 3823 848 3883 vt
871 3818 956 3882 intra
977 3821 1121 3882 octauam
1144 3817 1305 3884 electionis
1327 3818 1402 3883 noui

206 3921 358 4002 Rectoris,
385 3924 565 3989 doctoribus
592 3926 745 3990 medicine
768 3923 887 4010 phisica
908 3922 1109 4008 chirogieque
1124 3923 1316 3988 sufficienter
1330 3946 1404 3989 con·

206 4028 348 4114 gregatis
378 4029 411 4091 in
443 4030 639 4094 decanum
667 4029 828 4094 facultatis
857 4028 993 4113 eligatur
1024 4027 1130 4092 doctor
1151 4028 1307 4112 ydoneus,
1335 4033 1407 4093 actu
1442 4082 1444 4092 .

209 4153 343 4217 regens,
366 4133 411 4197 ita
434 4137 468 4197 vt
491 4133 527 4212 is,
552 4135 588 4223 in,
609 4155 701 4216 quem
723 4133 824 4198 maior
846 4153 919 4216 pars
942 4130 1101 4196 facultatis
1125 4133 1334 4212 consenserit,
1364 4134 1406 4197 sit

209 4237 343 4304 decanus
366 4260 422 4321 per
444 4243 569 4323 ternpus
586 4239 673 4303 illius
686 4237 833 4303 Rectorie
849 4237 1003 4301 duntaxat
1025 4258 1247 4321 permansurus
1263 4237 1405 4303 Electus·

206 4363 267 4426 que
289 4343 362 4406 talis
385 4344 554 4408 decanatus
577 4342 717 4408 officium
740 4363 897 4408 assumere
920 4345 1064 4406 teneatur
1088 4343 1146 4406 sub
1169 4365 1250 4428 pens
1272 4343 1405 4409 duorum

204 4447 396 4512 florenorum
419 4447 614 4514 Renensium
637 4450 712 4515 fisco
734 4449 895 4514 facultatis
928 4447 1148 4512 soluendorum
1170 4446 1204 4512 Si
1226 4470 1289 4512 non
1312 4449 1406 4535 legit·

204 4552 284 4617 time
306 4573 411 4617 eoram
432 4552 584 4620 facultate
607 4577 640 4621 se
662 4557 761 4639 possit
784 4577 940 4620 excusare.
980 4553 1131 4639 Idemque
1154 4575 1245 4633 mox,
1269 4557 1305 4618 vt
1326 4555 1405 4620 elec-
