3462 5320
351 471 415 536 256
787 467 918 524 Facultas
936 467 1103 540 theologica.

437 626 518 692 Item
542 628 625 712 quod
647 628 681 691 in
704 628 861 713 principio
876 628 1097 693 recentiorum
1120 628 1303 694 collationes
1324 628 1558 714 disputationes

350 739 382 799 et
407 735 627 820 responsiones
648 734 733 800 inter
755 733 926 819 magistros
948 738 980 798 et
1002 735 1139 799 scolares
1162 733 1405 800 distribuantur.

435 839 518 905 Item
533 839 712 919 statuimus,
733 839 818 923 quod
834 839 969 923 quilibet
984 840 1212 924 magistrorum
1228 839 1408 926 regentium
1423 841 1558 926 legendo

349 968 442 1011 suum
474 945 572 1010 faeiat
594 945 754 1024 debitum,
785 945 933 1010 simililer
968 945 1113 1029 quolibet
1134 966 1218 1009 anno
1239 966 1334 1009 vnam
1356 944 1557 1010 collationem

351 1057 383 1116 et
406 1051 444 1116 ad
468 1050 573 1114 minus
605 1072 700 1115 unam
732 1049 1001 1135 disputacionem‚
1034 1053 1090 1114 aut
1112 1049 1191 1114 alias
1209 1050 1302 1134 juxta
1324 1049 1559 1115 ordinationem

347 1156 468 1221 domini
491 1156 592 1221 nostri
616 1157 753 1242 patroni,
777 1156 804 1220 si
828 1156 921 1220 aliter
944 1155 1073 1220 duxerit
1094 1155 1314 1220 ordinandum.

440 1259 523 1325 Item
546 1261 573 1324 si
587 1261 741 1346 magister
755 1261 805 1325 vel
827 1259 957 1326 scolaris
979 1261 1092 1325 absens
1105 1251 1206 1324 ¹inerit
1226 1297 1269 1308 —
1292 1259 1319 1324 si
1344 1260 1559 1325 verisimiliter

359 1365 464 1432 debito
487 1365 609 1430 venerit
631 1369 773 1450 tempore
796 1404 835 1413 -
860 1388 925 1431 non
956 1365 1062 1430 minus
1092 1386 1149 1449 pro
1172 1386 1208 1429 eo
1231 1363 1384 1448 premissa
1405 1363 1559 1428 distribu-

352 1475 457 1549 antur,
481 1493 577 1555 quam
599 1470 857 1537 distributionem
880 1473 1016 1536 decanus
1038 1469 1068 1535 ei
1091 1469 1229 1535 intimet.

436 1576 611 1663 Statuimus
640 1577 806 1654 semiliber,
838 1576 922 1660 quod
953 1577 1058 1660 prima
1089 1573 1330 1659 disputacio
1353 1573 1410 1638 fiat
1432 1597 1452 1638 a
1473 1573 1556 1640 festo

352 1682 493 1747 omnium
517 1685 698 1747 sanctorum
721 1704 819 1766 usque
841 1682 1046 1746 natiuitatem
1069 1679 1199 1758 Christi,
1222 1683 1254 1743 2·
1277 1702 1296 1743 a
1317 1679 1375 1744 tali
1399 1679 1480 1744 festo
1502 1701 1556 1744 vs·

354 1810 414 1872 que
437 1787 476 1852 ad
500 1787 781 1873 quadragesimam,
807 1792 840 1852 3¹
862 1787 1138 1873 aquadregesima
1159 1806 1258 1869 usque
1280 1785 1319 1848 ad
1336 1784 1452 1848 festum
1474 1806 1554 1870 pen·

353 1892 520 1972 tbecostes‚
545 1895 578 1956 et
600 1891 628 1955 si
650 1893 757 1976 plures
779 1892 869 1971 fiant,
895 1895 1008 1976 quarta
1031 1891 1088 1956 fiat
1111 1913 1130 1954 a
1151 1890 1210 1954 tali
1232 1893 1374 1975 ternpore
1396 1911 1494 1972 usque
1516 1889 1556 1954 ad

350 1995 521 2061 vesanam.
566 1996 640 2062 nise
662 1978 896 2061 casselanae
919 1995 953 2059 a
976 1995 1033 2060 aa
1056 1996 1209 2078 tempora.

439 2101 531 2167 Tales
553 2105 661 2167 autem
683 2101 914 2186 disputationes
936 2100 1016 2165 fiant
1038 2099 1148 2165 dlebus
1169 2098 1359 2165 ieiunalibus
1382 2103 1439 2164 aut
1460 2099 1558 2166 sextis

349 2206 446 2286 feriis,
470 2208 498 2271 si
521 2206 590 2272 fieri
611 2207 745 2290 possint.

438 2312 521 2378 Item
550 2311 715 2396 disputans
745 2333 811 2376 non
832 2316 965 2398 cogatur
988 2311 1125 2396 aliquem
1153 2312 1292 2376 inuitare
1313 2312 1353 2375 ad
1376 2311 1556 2395 prandium,

351 2416 406 2482 sed
429 2417 456 2481 si
478 2417 556 2482 velit
578 2418 678 2502 possit
701 2417 838 2482 innitere
860 2417 1031 2503 magistros
1054 2417 1223 2502 theologie.

439 2521 521 2587 Item
552 2522 661 2587 volens
691 2521 852 2605 disputare
882 2521 959 2586 duos
990 2543 1113 2586 menses
1136 2525 1210 2586 ante
1232 2520 1482 2605 disputacionem
1504 2542 1554 2586 re-

350 2626 519 2711 spondenti
541 2626 672 2691 titulum
706 2626 856 2712 assignet.
910 2626 944 2692 Si
965 2631 1073 2692 tamen
1103 2626 1275 2712 presidenti
1297 2629 1330 2690 et
1351 2626 1555 2712 respondenti

352 2732 507 2818 placuerit
528 2732 712 2798 abbreuiare
734 2731 886 2815 poterint.

436 2836 519 2902 Item
552 2835 733 2902 huiusmodi
762 2836 991 2921 disputationes
1023 2841 1166 2922 ternpore
1195 2836 1336 2923 hyemali
1358 2836 1554 2922 incipiantur

350 2942 429 3008 bora
451 2945 549 3021 sexta,
573 2941 700 3006 estiuali
721 2962 795 3006 vero
817 2941 896 3007 bora
917 2943 1039 3027 quinta.

438 3045 520 3111 Item
552 3047 699 3132 magistri
730 3047 887 3132 recipiant
916 3049 1028 3142 titulos
1060 3050 1095 3114 in
1117 3048 1251 3114 materia
1276 3046 1419 3112 fecunda.
1455 3067 1552 3132 argu-

348 3155 457 3217 menta
479 3152 576 3216 etiam
598 3173 655 3236 pro
678 3153 890 3238 possibilitate
911 3155 1050 3221 soluant.

437 3257 520 3323 Item
542 3258 766 3343 respondentes
788 3259 873 3325 vltra
895 3260 1031 3326 mediam
1063 3262 1176 3327 horam
1198 3281 1271 3325 suas
1295 3257 1467 3343 positiones
1489 3275 1554 3324 non

349 3363 531 3429 extendant.

436 3469 517 3535 Item
540 3470 707 3555 disputans
728 3471 972 3556 respondentem
1001 3470 1085 3534 vltra
1113 3475 1179 3536 tres
1200 3469 1295 3534 boras
1317 3491 1383 3534 non
1404 3470 1512 3534 teneat
1535 3485 1555 3534 a

348 3578 490 3659 tempore
512 3597 575 3659 quo
605 3576 854 3660 disputacionem
876 3575 1014 3660 incepit,
1050 3581 1085 3640 vt
1112 3577 1254 3642 volentes
1287 3595 1419 3660 arguere
1450 3572 1555 3638 locum

351 3678 499 3744 babeant.

440 3781 522 3848 Item
544 3785 692 3852 hortatur
706 3786 850 3864 facultas,
874 3791 909 3851 vt
925 3785 1058 3870 quisque
1073 3807 1166 3850 suum
1181 3784 1278 3850 faciat
1292 3783 1445 3861 debitum,
1469 3780 1556 3864 quod

352 3893 497 3975 regentes
520 3890 663 3978 singulos
685 3897 774 3958 actus
797 3891 942 3977 publicos
965 3895 998 3957 et
1019 3891 1179 3977 principia
1204 3890 1343 3956 visiient.

713 4133 1008 4200 duramentum
1030 4135 1186 4202 decani.

436 4307 584 4377 Preterea
606 4312 775 4376 statuimus
797 4314 831 4376 et
853 4310 1045 4390 ordinamus,
1069 4311 1154 4395 quod
1184 4311 1320 4394 quilibet
1343 4310 1477 4374 decanus
1501 4308 1551 4372 fa-

346 4413 475 4482 cultatis
498 4417 675 4502 theologice
701 4417 805 4501 juret,
840 4416 925 4501 quod
955 4421 1077 4482 statuta
1107 4437 1165 4501 pro
1188 4437 1221 4482 se
1244 4419 1276 4482 et
1299 4414 1472 4500 suppositis
1495 4435 1555 4498 pro

345 4544 438 4610 posse
461 4523 586 4609 integre
607 4526 722 4587 seruet.
