3462 5320
549 436 592 489 41.
611 434 744 490 Statuten
762 435 789 488 d.
808 435 842 490 U.
863 453 919 491 von
940 437 1016 492 1537.
1320 437 1382 502 202

179 591 282 674 quoad
312 590 380 656 ficri
410 592 529 676 poterit
552 594 592 658 ab
623 595 757 660 aliarum
787 594 1017 677 professionum
1048 595 1158 659 iisdem
1187 594 1382 678 temporibus

178 701 332 781 separata,
355 695 397 760 Et
419 719 483 762 sure
505 698 656 764 doctrinae
679 703 780 764 certas
813 703 975 784 statasque
998 700 1090 764 boras
1113 697 1228 762 habere
1249 702 1385 780 oportet

178 799 254 876 Quae
276 801 389 886 quibus
413 802 494 866 datae
527 803 647 868 fuerint
670 804 840 880 obeundae,
875 805 897 868 ii
921 805 992 868 illas
1015 787 1122 868 scdulo
1144 803 1290 868 obcunto.
1335 801 1386 866 Ne

179 907 249 988 quis
273 907 310 970 de
325 929 382 971 sua
397 907 475 972 hora
491 908 524 971 iu
540 909 635 972 aliam
651 911 802 986 transcat,
828 930 888 972 neu
904 931 991 974 suam
1006 908 1118 972 horam
1133 907 1286 992 negligat.
1325 905 1386 982 Qui

178 1010 296 1089 fecerit,
320 1013 528 1095 quaestoribus
551 1014 618 1096 ipsc
642 1013 789 1090 indicato,
815 1012 1011 1096 multamque
1033 1013 1205 1097 irrogatam
1229 1010 1353 1076 soluIto.

266 1114 417 1180 Omnium
441 1116 591 1181 horarum
614 1117 765 1180 doctrinae
798 1118 830 1180 in
854 1117 1038 1182 membrana
1064 1115 1227 1199 descriptae
1250 1117 1383 1202 proponi

181 1219 215 1282 in
237 1241 273 1282 eo
297 1219 364 1284 loco
386 1219 562 1297 debebunt,
594 1221 648 1284 ubi
673 1225 801 1285 senatus
827 1221 1050 1286 Vniuersitatis
1073 1219 1292 1297 Scholastica,
1327 1241 1384 1284 nec

179 1347 244 1390 non
268 1325 466 1410 singularum
488 1326 638 1390 similiter
659 1326 890 1410 professionum
914 1326 975 1404 ibi,
999 1326 1054 1390 ubi
1077 1324 1243 1388 ordinariae
1267 1325 1381 1389 scholae

180 1452 200 1493 a
221 1429 450 1513 professoribus
474 1430 584 1494 haberi
608 1452 803 1495 consueuerc.
850 1451 854 1458 ·

290 1727 295 1736 ,
389 1657 445 1722 De
468 1658 734 1724 vacationum
756 1659 1017 1742 temporibus
1040 1677 1119 1741 cap.
1145 1662 1174 1720 4.

270 1831 390 1896 Vocare
413 1833 480 1896 ocio
504 1835 537 1895 et
560 1833 745 1898 docentibus
768 1832 890 1897 ferialis
912 1855 978 1896 esse
1000 1830 1155 1895 uniuersis
1177 1830 1300 1894 licitum
1321 1822 1386 1893 fas·

184 1959 245 2020 que
267 1940 334 2000 esto
358 1937 395 2000 au
420 1935 585 2002 natalitias
607 1938 720 2016 ferias,
753 1961 772 2003 a
793 1937 844 2001 die
866 1936 1025 2002 memoriae
1049 1935 1125 2000 Diui
1148 1935 1277 2000 Thomas
1298 1955 1386 2000 sacro

184 2064 281 2124 usque
297 2043 335 2106 ad
351 2042 466 2106 festum
480 2041 678 2129 Epiphaniae.
725 2043 808 2107 ltcm
824 2043 984 2108 octiduum
1007 2065 1026 2106 a
1039 2037 1212 2118 Dominica,
1237 2041 1324 2105 euius
1340 2042 1387 2104 cst

183 2148 305 2210 notatio
319 2145 395 2210 Fato
418 2147 507 2226 mihi,
532 2147 614 2212 Item
637 2171 655 2212 a
678 2149 728 2212 die
742 2146 833 2212 Jouis
847 2148 951 2213 Coenae
966 2146 1141 2211 Dominiooe
1163 2143 1202 2210 ad
1224 2143 1381 2209 festiuita-

184 2254 249 2316 tem
271 2251 428 2336 pascalem
453 2249 495 2315 llt
528 2253 597 2336 ipsa
629 2252 804 2317 festiuitatc
834 2253 970 2338 pascali,
1003 2273 1073 2335 quae
1101 2252 1191 2314 duret
1219 2249 1285 2312 dies
1306 2251 1386 2312 octo.

185 2355 267 2420 Item
289 2359 359 2420 octo
383 2356 448 2420 dics
464 2355 651 2422 lestiuitatis
667 2361 873 2442 pentecostes.
918 2357 1000 2422 Item
1016 2357 1137 2421 oriente
1152 2354 1293 2419 canicula
1316 2357 1387 2416 tan·

184 2460 292 2542 tisper,
315 2460 501 2543 quantisper
525 2460 774 2546 professionibus
797 2461 933 2546 singulis
955 2461 995 2524 ab
1011 2458 1143 2543 antiquo
1158 2460 1192 2523 in
1215 2457 1274 2521 hac
1288 2455 1386 2520 Scho-

183 2564 294 2628 lastica
317 2562 533 2628 Vniuersitate
567 2569 615 2628 est
638 2565 836 2650 permissum.
882 2565 963 2629 Item
996 2564 1236 2630 vindemialibus
1258 2561 1388 2627 feriisa

183 2667 266 2733 Diuo
281 2668 434 2734 Michaele
450 2670 514 2752 (29.
531 2669 632 2754 Sept.)
655 2693 754 2754 usque
776 2671 814 2735 ad
828 2668 947 2734 Diuum
963 2669 1081 2734 Lucam
1097 2667 1162 2750 (18.
1180 2667 1264 2750 Oct.)
1303 2665 1386 2730 Item

183 2775 410 2839 nundinalibus
426 2775 510 2838 binis
527 2773 666 2860 Georgii,
690 2781 722 2839 et
737 2776 823 2839 binis
839 2774 980 2841 Martini.
1026 2774 1108 2839 Item
1123 2771 1210 2837 feriis
1230 2770 1387 2846 omnibus

185 2901 253 2963 quae
276 2879 445 2943 secundum
469 2902 562 2944 usum
584 2878 749 2964 religionis
776 2883 893 2943 nostrae
916 2878 1041 2963 publice
1063 2875 1329 2953 obseruabuntur,
1354 2878 1386 2938 et

183 2988 335 3050 vocantur
357 2983 602 3062 Ecclesiasticus,
627 2983 728 3068 adque
751 2984 822 3048 illas
845 2983 927 3047 diem
951 3004 1107 3067 quemque
1129 2979 1239 3059 louis,
1263 2980 1317 3064 qui
1341 2980 1387 3043 ita

183 3089 338 3166 ceciderit,
367 3093 403 3152 ut
427 3089 496 3153 aliae
512 3089 599 3153 feriar
624 3089 657 3152 in
680 3112 716 3153 ea
731 3087 925 3152 hebdomade
949 3089 1071 3152 dierum
1096 3108 1158 3150 non
1176 3085 1383 3168 reperiantur.

182 3193 242 3258 Sed
273 3199 304 3258 et
340 3194 374 3258 in
407 3195 471 3258 suis
504 3215 635 3277 quaeque
665 3193 817 3278 professio
848 3193 997 3270 statutis,
1031 3192 1116 3255 hunc
1149 3188 1187 3251 dc
1220 3187 1307 3252 feriis
1342 3189 1386 3251 lo-

185 3322 255 3363 cum
278 3298 466 3383 explicabit,
490 3303 521 3361 et
544 3319 745 3382 quascunque
767 3319 928 3362 mneessas
950 3296 990 3361 ab
1011 3293 1226 3361 Vniuersstate
1248 3292 1309 3356 sibi
1332 3291 1387 3356 ob-

182 3405 307 3470 tinebit.

476 3578 531 3644 De
553 3577 941 3659 Disputatiouibus
964 3595 1048 3658 cap.
1076 3577 1103 3636 5.

272 3733 413 3822 Singulae
444 3736 653 3820 professiones
677 3758 749 3824 'suae
771 3733 923 3799 doctrinae
953 3726 1273 3815 disputationes
1296 3725 1388 3790 statis

186 3843 383 3928 temporibus
409 3847 575 3906 exercento
598 3841 635 3906 de
658 3841 773 3925 quibus
796 3841 851 3924 qui
874 3836 1067 3904 curationem
1086 3833 1176 3898 illam
1200 3830 1386 3914 acceperint,

186 3948 248 4031 ipsi
271 3947 476 4012 constituent.
524 3946 585 4022 Qui
607 3947 775 4030 praefectus
798 3945 907 4021 fuerit,
931 3943 983 4006 det
998 3961 1135 4025 operam,
1158 3940 1196 4002 ut
1217 3936 1263 4000 ita
1285 3935 1391 4000 omnia

188 4051 397 4116 instituantur
420 4056 521 4139 atque·
538 4056 710 4137 gerantur,
742 4054 778 4114 ut
800 4050 937 4115 maxime
960 4069 976 4110 e
998 4069 1032 4111 re
1055 4041 1279 4129 discipulorum
1302 4039 1389 4103 futu-

188 4179 348 4221 ramesse
379 4157 534 4222 iudicarit.
592 4156 796 4222 Ostentandrn
828 4177 892 4219 suae
923 4149 1109 4217 eruditionis
1132 4168 1224 4213 causa
1252 4141 1390 4227 nequid

188 4262 356 4347 proponite
380 4285 459 4326 neue
484 4261 598 4340 dicito,
631 4261 684 4326 sed
708 4259 871 4326 commoda
892 4255 1116 4341 discipulorum
1140 4249 1295 4336 respiciat.
1341 4246 1391 4312 Si·

188 4367 307 4432 militer
319 4367 437 4431 faciant
448 4370 481 4430 et
491 4367 524 4444 ii,
543 4366 597 4449 qui
611 4370 722 4430 contra
733 4364 904 4450 proposita,
921 4364 957 4424 ut
967 4358 1057 4436 solet,
1073 4354 1389 4442 argumentabuntur.

188 4471 304 4550 Rixas,
337 4471 561 4538 contumeliose
586 4471 686 4548 dicta,
720 4469 861 4534 conuitia
896 4464 1006 4549 nequis
1030 4464 1197 4548 usurpato,
1229 4457 1390 4545 disputata
