3460 5314
357 477 420 541 328
822 468 954 522 Facurltas
972 467 1093 522 Artium.

354 635 423 700 alia
442 632 692 713 perantiquum
714 628 881 695 Decorum
902 629 999 694 acioli
1022 628 1129 694 oblata
1152 633 1181 692 et
1204 630 1374 694 commissa
1404 630 1463 695 sub
1492 629 1561 694 aaa

358 739 505 803 custodia
536 743 656 813 teucro,
688 735 809 800 Nullas
841 735 955 799 literas
977 735 1096 816 absque
1115 732 1286 813 facultatis
1309 753 1462 815 cupresso
1485 755 1559 800 coa-

356 863 454 909 seasu
482 843 532 908 acl
566 840 828 906 consiliariorum
861 859 1000 906 incorum
1031 839 1197 922 sipillare,
1228 837 1398 904 Rationem
1424 840 1463 904 de
1489 841 1559 903 sia-

353 948 442 1032 palis
469 948 635 1029 perceptis
667 951 697 1009 ct
727 946 887 1025 repositis
916 941 1008 1021 iufra
1036 963 1174 1009 merrsera
1196 949 1277 1024 post
1303 945 1365 1008 ruci
1387 945 1487 1027 0ff2'0ll
1508 965 1559 1008 re-

356 1055 569 1137 siyuatioacru
580 1072 686 1117 coram
705 1051 860 1129 facultate
874 1050 1014 1130 fideliter
1032 1048 1139 1125 facere
1156 1054 1185 1114 et
1202 1048 1354 1128 facultati
1366 1049 1560 1128 inprompto

352 1160 494 1241 pecunia
525 1159 564 1222 cle
594 1159 754 1222 restantia
784 1157 869 1220 salis
897 1155 1021 1234 fucere,
1052 1153 1184 1219 Statuta
1206 1155 1342 1235 denique
1363 1172 1412 1216 rue
1433 1173 1559 1218 couca-

360 1265 471 1330 acatia
493 1264 583 1342 infra
606 1269 672 1328 octo
695 1263 767 1328 dies
789 1261 963 1343 pcrleqere.

449 1374 498 1431 11.
544 1365 749 1432 Officium
779 1369 922 1450 preterea
952 1364 1072 1429 Decani
1104 1364 1163 1442 sit,
1198 1363 1233 1426 in
1255 1361 1480 1448 Disputatione
1507 1385 1560 1428 or·

360 1473 482 1537 dinaria
510 1473 636 1557 singula
668 1472 850 1556 disponere,
890 1494 908 1534 a
940 1470 1138 1534 Recitatione
1169 1468 1363 1554 positionum
1389 1489 1490 1552 nsque
1521 1469 1560 1533 ad

361 1578 456 1642 finem
480 1599 536 1660 per
559 1599 591 1642 ae
613 1577 662 1641 vel
685 1598 741 1661 per
764 1576 862 1642 alium
885 1596 1077 1660 permanere,
1105 1573 1392 1658 Congregationem
1414 1594 1485 1638 cum
1509 1596 1561 1637 ar·

359 1683 528 1746 ticulorum
551 1681 740 1746 formatione
764 1681 924 1747 ethoram
948 1679 1159 1764 comparendi,
1187 1680 1292 1761 preter
1310 1677 1561 1742 consiliariorum

364 1806 561 1863 consensum,
584 1786 647 1849 nisi
669 1787 838 1851 necessitas
861 1789 1017 1869 exposcat,
1042 1783 1241 1862 nonfacere,
1265 1787 1297 1846 et
1320 1783 1409 1846 illam
1430 1804 1487 1867 per
1510 1803 1561 1847 ce·

362 1889 468 1953 dalani
491 1911 563 1953 eum
586 1889 728 1954 articulis
751 1890 970 1967 deliberandis,
994 1888 1068 1952 Nisi
1091 1909 1183 1953 causa
1205 1887 1376 1965 obstiterit,
1399 1886 1464 1952 Sub
1479 1909 1562 1973 pena

363 1994 531 2059 arbitraria
565 1993 757 2058 afacultate
782 1993 952 2078 infligenda
974 1993 1141 2069 intimare,
1173 1991 1257 2055 Vota
1279 1991 1479 2076 singulorum
1512 2013 1562 2056 se-

361 2098 501 2162 cundum
533 2098 674 2163 ordinem
708 2101 829 2162 attente
856 2096 1022 2182 colligere,
1056 2096 1156 2161 Juxta
1178 2096 1394 2179 pluralitatem
1416 2099 1560 2160 votorum

360 2206 438 2267 tune
460 2203 655 2287 presentium
677 2202 727 2266 vel
751 2222 822 2265 cum
846 2222 910 2278 suo,
943 2201 970 2263 si
994 2201 1084 2284 paria
1106 2199 1234 2280 fuerint,
1265 2199 1459 2279 concludere,
1485 2199 1561 2266 Om-

360 2309 415 2372 nia
437 2309 583 2373 conclusa
606 2308 665 2372 sub
687 2328 743 2371 suo
765 2306 870 2370 officio
894 2307 1035 2391 signare,
1060 2303 1192 2389 Signata
1218 2303 1304 2368 infra
1326 2302 1467 2370 Mensem
1489 2310 1563 2391 past

360 2413 606 2498 resignationem
629 2411 743 2489 officii,
774 2415 809 2474 vt
837 2414 1013 2474 memoratu
1044 2409 1141 2494 digna
1167 2408 1201 2471 in
1224 2396 1471 2500 libroao‘torum
1493 2410 1561 2496 sig·

259 2509 262 2528 '
360 2521 495 2594 nentur,
528 2539 633 2582 coram
656 2516 806 2580 facultate
828 2515 1054 2599 pronunciare,
1079 2510 1232 2596 Receptos
1255 2515 1293 2576 ad
1317 2514 1492 2597 regentium
1514 2514 1564 2578 fa·

360 2622 488 2687 cultatis
511 2621 550 2685 ad
573 2620 773 2684 matriculam
795 2642 851 2684 suo
874 2620 985 2684 ordine
1009 2619 1214 2695 conscribere,
1243 2616 1394 2703 Singulos
1416 2641 1561 2684 excessus

361 2731 392 2790 et
415 2725 629 2810 negligentias
651 2725 685 2788 in
709 2724 844 2809 publicis
866 2728 898 2789 et
920 2724 1101 2788 bursalibus
1130 2723 1253 2787 actibus
1278 2723 1501 2808 magistrorum
1531 2730 1565 2790 et

361 2829 597 2915 suppositorum
630 2850 687 2911 pro
716 2851 808 2913 passe
833 2831 990 2914 corrigere
1016 2832 1048 2892 et
1070 2829 1244 2893 emendare.
1282 2828 1394 2895 Adhoc
1416 2829 1514 2894 etiam
1536 2831 1564 2894 si

362 2957 441 3019 opus
464 2932 572 3010 fuerit,
595 2931 758 2998 facultatis
782 2933 831 2998 vel
854 2932 1084 2997 Vniuersitatis
1109 2933 1262 2996 auxilium
1287 2932 1464 3018 implorare,
1489 2933 1564 3000 Sine

361 3039 522 3103 facultatis
552 3059 705 3102 consensu
734 3039 774 3102 ab
803 3038 864 3102 hoo
895 3039 988 3122 opido
1016 3037 1102 3101 ultra
1134 3037 1325 3120 quindenam
1356 3061 1389 3103 se
1419 3062 1483 3105 non
1507 3041 1563 3104 ab·

362 3147 495 3208 sentare.
542 3141 598 3208 Sin
629 3147 734 3207 autem
764 3141 856 3208 Viaes
887 3165 958 3207 suas
989 3143 1122 3225 antiquo
1150 3163 1206 3206 sue
1232 3143 1281 3207 vie
1303 3143 1420 3208 decano
1442 3145 1492 3208 vel
1515 3167 1563 3209 se-

333 3327 338 3339 ·
362 3249 445 3314 niori
467 3247 623 3333 Magistro
646 3249 851 3328 committere,
875 3249 957 3313 festa
979 3248 1141 3313 facultatis
1165 3247 1301 3325 artium,
1335 3248 1507 3313 Vacantias
1531 3252 1563 3314 et

362 3353 550 3418 cessationes
574 3354 614 3418 ab
637 3354 759 3418 actibus
782 3377 839 3439 per
861 3354 1021 3438 pedellum
1044 3355 1185 3418 auisatus
1209 3353 1368 3434 intimare,
1393 3353 1436 3418 nt
1459 3354 1563 3419 rebel-

363 3458 408 3522 les
431 3457 603 3542 Magistros
626 3481 644 3522 a
665 3458 823 3545 Begentia
845 3464 877 3525 et
899 3459 1030 3524 consilio
1061 3459 1260 3543 suspendere.
1307 3457 1348 3521 Et
1370 3462 1405 3522 vt
1427 3459 1562 3524 decanus

364 3562 438 3628 huia
459 3582 517 3626 auo
539 3563 652 3642 officio,
678 3564 852 3629 accuratius
875 3563 1039 3628 intendere
1061 3563 1172 3647 possit,
1195 3562 1320 3628 Placuit
1342 3561 1497 3641 facultati,
1529 3568 1564 3628 vt

363 3729 572 3742 —-—..-—.

364 3808 477 3878 Scapter
495 3807 545 3862 der
559 3807 733 3862 Universitttt
754 3809 881 3877 genannt
898 3807 936 3860 ist
954 3808 1012 3863 und
1028 3808 1107 3877 janes
1117 3826 1164 3861 um
1176 3825 1205 3864 so
1218 3807 1297 3862 mehr
1309 3807 1481 3863 anzuf'uhren
1499 3826 1566 3873 war,

365 3896 407 3951 als
426 3913 454 3950 es
473 3895 577 3966 genade
595 3894 646 3949 das
666 3895 729 3951 Bild
749 3895 837 3950 dieser
856 3895 993 3952 Patronin
1011 3896 1060 3950 der
1072 3896 1204 3951 Faculttt
1220 3897 1308 3965 trtgt.
1343 3895 1411 3950 Man
1428 3895 1498 3950 wird
1518 3897 1567 3952 da·

364 4001 430 4038 raus
448 3983 597 4037 schliessen
615 3982 732 4048 diirfen,
757 3983 821 4038 dass
848 3983 894 4038 die
918 3984 1109 4040 betreffenden
1127 3984 1292 4039 Abschnitte
1314 4002 1376 4041 vor
1393 3984 1568 4056 Erwerbung

366 4071 413 4125 dea
438 4071 563 4140 Scepters
588 4071 723 4146 redigiert
746 4089 848 4127 waren.
876 4103 908 4112 -
932 4072 988 4126 Das
1013 4072 1138 4142 Saepta,
1169 4072 1286 4128 welches
1324 4071 1376 4126 wie
1406 4071 1457 4126 das
1484 4073 1567 4143 Sigill

364 4159 437 4214 noch
462 4157 625 4214 vorhanden
661 4160 714 4223 ist,
745 4159 854 4215 liefcrte
884 4160 984 4213 Michel
1012 4158 1191 4214 Goldschmid
1226 4176 1281 4214 von
1306 4158 1492 4214 Weilerstadt
1519 4177 1567 4214 am

363 4246 406 4298 29.
428 4245 486 4299 Mai
505 4246 572 4300 1482
592 4246 636 4300 ab.
673 4247 709 4300 Es
728 4265 791 4317 wag
809 4250 826 4303 3
844 4247 990 4310 Mark2¹fr
1003 4245 1076 4301 Loth
1094 4246 1151 4300 und
1169 4246 1265 4301 warde
1282 4246 1336 4300 mit
1354 4247 1388 4300 32
1398 4245 1423 4299 fl.
1444 4240 1566 4310 naal

368 4332 471 4396 Hellen
491 4334 572 4387 nebat
590 4333 667 4389 einer
685 4335 804 4405 propina
821 4353 877 4391 von
898 4337 928 4398 ¹fr
948 4333 974 4388 fl.
999 4333 1120 4388 bezahlt.
1154 4333 1229 4388 Fach
1246 4334 1306 4398 XV,
1327 4335 1360 4387 14
1380 4332 1438 4386 und
1456 4332 1567 4387 Granius

364 4421 442 4474 Exeo,
456 4421 512 4475 Mh.
523 4421 582 4476 369.
601 4422 626 4476 S.
641 4425 700 4480 556.
737 4423 787 4478 Die
800 4423 931 4478 Facurlttt
949 4421 979 4475 in
993 4421 1162 4491 Heidelberg
1180 4422 1261 4476 hatte
1277 4421 1323 4474 fiir
1340 4421 1385 4475 ihr
1402 4420 1567 4476 schwereres

367 4505 481 4577 Sceptcr
498 4508 552 4563 mit
570 4509 730 4566 demselben
746 4509 810 4564 Bild
832 4510 900 4566 1454
918 4508 963 4564 dia
982 4508 1094 4564 Summe
1112 4526 1168 4565 von
1185 4509 1218 4564 54
1237 4507 1263 4564 fl.
1284 4512 1299 4564 5
1319 4504 1339 4578 ff
1357 4507 1479 4563 bezahlt.
