3442 5314
354 456 397 520 56
704 453 730 507 8.
754 453 888 509 Statuten
906 469 971 510 vom
989 454 1014 508 9.
1031 453 1096 510 Okt
1118 453 1192 510 1477.

353 615 396 680 sit
418 613 595 679 membrum
618 612 766 692 eiusdem,
789 617 822 678 st
843 613 1068 679 nichilominus
1091 613 1296 678 ascolaribus
1317 614 1377 678 surb
1399 637 1481 700 pena
1504 638 1553 681 re·

354 717 543 784 tardationis
565 721 718 801 tanquam
749 717 848 803 pestis
870 717 971 784 artius
1001 718 1139 782 euitetru
1162 717 1281 784 Contra
1303 740 1397 803 quem
1418 720 1555 806 denique

354 823 388 888 in
420 822 590 888 rebellione
619 822 843 908 perdurantem
877 823 1017 890 seculsre
1049 823 1213 888 brachium
1241 827 1337 909 prout
1370 825 1555 909 expedierit,

356 929 531 1008 inuocetur,
556 927 619 992 nisi
633 927 834 994 rniuersitati
856 930 1012 1015 condigne
1033 929 1131 995 fuerit
1145 929 1374 1008 reconciliatus,
1397 952 1556 1014 penusque

354 1033 444 1099 iuxta
466 1032 662 1100 contumacis
685 1033 877 1118 exigentiam
899 1034 1023 1121 integre
1046 1035 1242 1119 persoluerit

441 1137 617 1204 Statuimus
641 1159 766 1222 quoque
781 1141 813 1202 et
827 1139 1019 1217 ordinamus,
1043 1143 1078 1204 vt
1092 1140 1126 1204 in
1143 1139 1202 1204 hac
1218 1139 1423 1204 uniuersitale
1438 1161 1554 1225 regen·

355 1247 413 1322 tes,
434 1242 559 1308 nullum
581 1243 652 1328 qui
675 1264 756 1308 non
779 1248 846 1310 est
868 1244 1090 1310 membrum
1112 1245 1252 1310 eiusdem
1283 1244 1418 1310 scienter
1440 1245 1475 1310 in
1499 1245 1556 1310 do-

356 1348 460 1414 mibus
481 1347 565 1414 vltra
595 1351 665 1412 octo
688 1347 753 1413 dies
775 1348 923 1428 foueant,
954 1370 1056 1434 neque
1087 1369 1193 1415 coram
1215 1350 1332 1415 eisdem
1353 1349 1457 1435 legere
1480 1370 1553 1433 pre·

356 1455 504 1531 sumant,
547 1457 641 1536 prout
672 1452 794 1518 dimidii
828 1452 939 1518 floreni
970 1455 1112 1519 renensis
1150 1475 1265 1539 penam
1294 1452 1557 1518 irremissibiliter

356 1556 498 1622 soluendi
520 1557 679 1622 volueriut
709 1561 742 1622 et
775 1579 882 1623 eorum
906 1557 1011 1643 quiuis
1036 1558 1173 1625 voluerit
1194 1560 1328 1638 euitare,
1360 1557 1420 1634 Qui
1451 1563 1558 1623 actm

358 1661 537 1729 huiusmodi
561 1666 669 1728 nostre
690 1661 907 1728 uniuersitatis
929 1663 1143 1730 ordinationes
1168 1667 1200 1728 et
1222 1665 1352 1743 statuta,
1377 1663 1427 1728 vel
1450 1683 1559 1728 eorum

361 1767 499 1852 aliquod,
521 1766 575 1831 vbi
590 1789 672 1853 pena
687 1789 752 1834 non
767 1774 815 1834 est
830 1791 955 1836 annexa
977 1771 1131 1854 specialis,
1153 1791 1218 1834 non
1242 1769 1449 1848 seruauerint,
1472 1767 1558 1834 arbi·

358 1872 456 1937 marie
486 1872 662 1959 puniantur
695 1874 867 1940 seeundum
890 1873 1033 1942 Rectoris
1066 1876 1224 1942 dictamen
1254 1879 1287 1940 et
1318 1895 1447 1942 suorum
1473 1873 1558 1940 Con·

357 1974 559 2042 siliariorum.

448 2080 529 2148 Item
564 2083 671 2148 nullus
704 2083 891 2152 manifestus
914 2108 968 2152 ssu
990 2085 1134 2171 publicus
1168 2085 1264 2150 leno
1297 2084 1313 2148 f
1318 2103 1363 2148 ur
1384 2081 1558 2146 infamis

359 2185 565 2270 publicus
588 2189 712 2253 lusor
734 2189 902 2255 fractor
924 2191 1223 2256 ostiorumaut
1244 2192 1394 2274 raptor
1416 2185 1561 2251 mulie·

361 2311 452 2355 rum
474 2290 652 2376 priuilegiis
675 2295 812 2378 gaudeat
834 2296 1061 2374 uniuersitatis,
1085 2296 1139 2361 sed
1162 2295 1231 2380 ipso
1246 2294 1330 2360 facto
1353 2295 1396 2358 sit
1417 2290 1561 2356 exclusum

361 2392 448 2458 Idem
470 2397 518 2459 est
540 2398 574 2460 et
594 2417 662 2460 esse
683 2399 828 2464 volumus
851 2400 888 2465 de
910 2422 956 2479 eo,
980 2401 1034 2485 qui
1057 2401 1091 2465 in
1114 2400 1177 2465 alio
1192 2397 1333 2486 grauiori
1348 2396 1480 2464 crimine
1503 2417 1561 2461 no·

359 2497 441 2562 toris
463 2498 505 2563 sit
528 2498 739 2585 deprehensus
761 2509 818 2570 aut
839 2505 1000 2571 mulbssus
1022 2507 1071 2571 vel
1091 2506 1264 2571 conuictus.

447 2603 546 2670 Porro
568 2608 736 2674 statuimus
758 2615 791 2674 et
812 2610 1005 2690 ordinamus,
1027 2613 1062 2677 vt
1085 2610 1266 2695 quicunque
1281 2608 1479 2674 studentium
1501 2629 1561 2673 no·

361 2711 426 2774 stre
448 2709 666 2776 uniuersitatis
688 2713 827 2798 aliquem
849 2714 1010 2781 hominem
1034 2716 1246 2800 cuiuscunque
1260 2718 1363 2780 status
1378 2713 1427 2779 rel
1450 2712 1559 2778 eondi-

360 2813 458 2879 tionis
481 2815 649 2880 offenderit
671 2818 813 2884 verbis
835 2820 1133 2904 obprobriosis
1155 2819 1391 2886 contumeliosis
1406 2819 1456 2883 vel
1470 2819 1557 2882 iniu-

360 2918 474 2998 riosis,
507 2919 545 2984 de
567 2942 630 3004 quo
652 2923 815 2989 conuictus
844 2924 941 2990 fuerit
970 2926 1019 2990 vel
1042 2925 1212 3004 malesana,
1237 2925 1341 2990 soluat
1363 2923 1440 2989 duas
1463 2922 1563 2988 libras

363 3045 431 3090 cere
452 3024 527 3090 fiseo
549 3023 775 3092 uniuersitatis.
822 3027 989 3112 Arripiens
1012 3033 1119 3095 autem
1142 3029 1337 3114 lapidem
1359 3027 1427 3093 vel
1452 3049 1566 3092 arma

361 3131 412 3195 vel
434 3130 683 3196 instrumentum
716 3131 800 3197 aliud
835 3137 942 3201 animo
971 3134 1096 3200 ledendi
1131 3133 1332 3219 quempiam,
1366 3153 1431 3196 non
1454 3136 1564 3197 tamen

362 3234 489 3312 ledens,
522 3237 587 3299 tres
619 3235 717 3300 libras
747 3237 849 3302 soluat
871 3259 940 3304 esre
962 3237 1065 3304 Arma
1086 3260 1229 3324 quoque,
1265 3237 1380 3322 quibus
1408 3236 1562 3316 abutitur,

362 3337 491 3404 amittat
519 3341 553 3404 et
573 3339 702 3406 Rectori
724 3346 885 3426 presentet
906 3341 1028 3410 Ledeue
1051 3366 1125 3410 vero
1147 3346 1227 3410 citra
1248 3341 1516 3420 vulnerationem,
1539 3342 1566 3406 si

361 3445 518 3511 duntaxat
539 3445 676 3531 pugnis,
699 3447 804 3513 soluat
824 3470 925 3513 vnum
947 3450 1103 3515 florenum
1146 3449 1180 3514 Si
1212 3451 1318 3513 autem
1341 3446 1438 3511 armis
1460 3445 1568 3511 leserit

362 3550 413 3616 rel
435 3549 666 3629 instrumentis,
689 3571 753 3616 non
778 3555 885 3617 tamen
908 3553 1055 3618 atrociter
1081 3554 1130 3619 vel
1147 3552 1341 3631 notabiliter,
1363 3552 1468 3616 soluat
1490 3551 1568 3615 duos

362 3654 517 3735 florenos,
552 3675 624 3720 cum
647 3677 808 3722 armorum
830 3657 1008 3724 amissione.
1055 3656 1089 3724 Si
1112 3663 1218 3725 autem
1241 3655 1383 3743 grauiter
1405 3677 1499 3740 quem
1521 3653 1567 3719 le-

364 3759 442 3824 serit
476 3758 564 3825 iuxta
595 3759 754 3826 decretum
783 3761 927 3828 Rectoris
957 3767 991 3829 et
1016 3763 1276 3830 Consiliariorum
1311 3761 1377 3827 eius
1422 3759 1565 3847 grauiter

364 3865 539 3951 castigetur
561 3868 593 3929 et
615 3865 839 3932 nichilominus
861 3869 926 3933 leso
949 3869 1128 3953 supradicto
1151 3866 1336 3934 satisfaciat.
1382 3865 1518 3950 Insuper
1540 3863 1568 3928 si

364 3970 556 4058 Magistrum
580 3970 630 4036 rel
652 3969 821 4038 Doctorem
844 3979 951 4040 nostre
973 3975 1188 4040 vniuersitaris
1210 3973 1306 4038 verbo
1328 3971 1496 4037 offenderit
1520 3969 1568 4035 vel

364 4076 449 4143 facto
480 4077 719 4156 molestauerit,
758 4078 871 4144 maiori
903 4100 984 4165 pene
1015 4084 1112 4164 prout
1141 4077 1376 4145 circumstantie
1405 4073 1570 4160 qualitatis

364 4184 466 4247 status
488 4181 566 4247 facti
589 4185 621 4247 et
643 4204 850 4267 personarum
879 4184 1135 4270 postulauerint,
1172 4183 1211 4248 ad
1234 4181 1378 4248 Rectoris
1411 4179 1568 4245 dictamen

365 4306 560 4372 suorumque
582 4285 843 4356 consiliariorum
865 4291 1047 4357 subiciatur.

453 4391 534 4457 Item
566 4393 728 4458 studentes
762 4395 889 4478 penitus
923 4395 1026 4460 vitent
1061 4395 1314 4461 conuersationes
1345 4391 1571 4458 mulierum

372 4501 668 4586 suspectarum
693 4499 743 4564 vel
766 4499 1005 4565 inhonestarum
1033 4499 1168 4587 singulis
1189 4497 1396 4584 temporibus.
1441 4494 1571 4580 Siquis
