3460 5314
624 499 629 509 .
665 456 781 514 sumta
800 455 876 514 1538.
1298 459 1362 524 315

170 616 291 682 dinarie
312 613 522 703 respdndendi
546 640 662 685 munus
693 615 816 682 obierit.
861 615 964 682 Nemo
986 617 1082 683 etiam
1104 617 1222 702 aspiret
1244 617 1283 682 ad
1307 617 1366 684 ho·

170 744 262 787 noros
283 723 464 804 dootorcos,
498 725 553 808 qui
575 725 609 789 in
640 722 788 809 plurimis
811 721 1078 807 disputationibus
1100 743 1163 786 non
1187 722 1314 787 affuerit
1335 725 1367 790 et

168 833 358 914 argumenta
379 849 443 894 non
475 830 656 914 protulerit.
703 826 827 913 Singuli
856 827 991 914 denique
1020 828 1142 912 aliquot
1163 827 1365 894 hebdomadis

165 937 243 998 aute
265 934 422 999 honorum
443 934 630 1019 petitionem
646 933 895 1019 disputationem
910 934 1069 1018 publicam
1091 933 1284 1000 instituunto
1307 933 1366 999 sub

166 1039 328 1122 praeside,
360 1040 416 1124 qui
444 1041 604 1106 ordinarie
626 1041 813 1106 medicinam
837 1040 870 1105 in
893 1039 1099 1106 uniuersitate
1127 1038 1251 1105 scholae
1271 1039 1366 1106 huius

138 1143 298 1232 doceat,
329 1148 379 1212 oui
409 1146 513 1212 florini
544 1148 605 1211 duo
638 1146 868 1232 persoluuutor.
899 1145 1053 1226 'Praesea
1078 1167 1170 1231 quem
1193 1145 1268 1211 ordo
1290 1167 1364 1230 pro·

167 1250 284 1333 poscit,
307 1252 394 1318 intra
414 1275 467 1318 sex
491 1253 755 1318 hebdomadarum
770 1252 908 1337 spatium
924 1250 1130 1336 disputationi
1146 1255 1287 1336 praeusto
1310 1255 1366 1317 aut

170 1355 308 1422 multam
330 1361 465 1441 quatuor
487 1357 669 1424 florinorum
684 1359 809 1424 soluite.
856 1356 1019 1424 (laetarum
1037 1357 1128 1424 iniis
1151 1358 1206 1442 qui
1228 1358 1363 1424 honores

170 1463 288 1544 petunt
309 1481 469 1548 nunquam
485 1484 549 1528 non
572 1463 757 1529 eruditionis
774 1466 805 1527 et
821 1463 908 1528 uitae
923 1463 1117 1548 integritatis
1139 1463 1245 1548 potius
1268 1485 1362 1548 quam

167 1567 283 1631 aetatis
306 1572 360 1633 aut
391 1569 575 1654 praescripti
605 1568 757 1655 temporis
787 1567 869 1632 ratio
899 1567 1043 1634 habenda
1065 1568 1134 1634 erit
1179 1567 1315 1651 Ideoque
1336 1566 1365 1631 si

171 1670 331 1756 quispiam
354 1673 451 1738 studii
474 1673 522 1738 sui
545 1677 671 1757 tempus
692 1673 873 1758 legitimum
896 1673 934 1738 ad
957 1693 1110 1760 unguem,
1137 1677 1174 1738 ut
1196 1672 1257 1738 dici
1279 1672 1363 1749 solit,

169 1795 235 1841 non
257 1777 428 1843 absoluisse
457 1782 635 1864 compertus
664 1778 778 1856 fuerit,
809 1777 983 1844 eruditione
1005 1783 1110 1846 tamen
1143 1779 1195 1857 iis,
1227 1779 1282 1863 qui
1303 1777 1364 1842 hoc

166 1880 274 1964 ipsum
298 1884 533 1969 compleuerint,
557 1906 614 1968 par
637 1886 692 1948 aut
714 1883 858 1968 superior
879 1883 990 1962 firerit,
1013 1905 1085 1950 cum
1107 1884 1162 1950 illo
1183 1884 1309 1950 Deceno
1332 1887 1365 1948 et

167 1983 307 2051 Consilio
330 1987 461 2075 Collegii
483 1989 595 2054 medici
617 1988 814 2074 transigendi
837 1994 869 2054 et
890 1988 1066 2074 paciscendi
1088 1989 1137 2055 ius
1159 1994 1234 2055 esto.
1281 1987 1364 2054 Con·

167 2111 289 2154 cessum
313 2097 418 2158 autem
440 2099 496 2173 est,
518 2098 554 2159 vt
576 2095 614 2158 de
635 2095 829 2178 praescripto
845 2099 988 2180 tempore
1011 2094 1168 2161 dimidiati
1191 2095 1267 2160 anni
1288 2116 1360 2178 spa·

166 2196 250 2262 cium
273 2199 458 2278 remittant,
491 2199 542 2266 Sic
571 2205 677 2266 tamen
706 2205 742 2265 vt
764 2201 797 2265 in
830 2200 924 2265 certis
946 2221 982 2264 ac
1003 2200 1219 2287 singularibus
1240 2200 1362 2265 casibus

35 2342 38 2354 ·
166 2307 202 2367 et
223 2305 364 2387 personis
387 2306 602 2372 uniuersitatis
618 2305 732 2372 iudicio
754 2311 865 2372 stetur.
911 2303 1011 2383 Nulli,
1036 2307 1089 2390 qui
1105 2307 1265 2372 doctoreos
1288 2327 1362 2370 con·

168 2408 254 2492 sequi
277 2416 383 2494 sperat
411 2410 544 2477 honores
574 2416 648 2476 ante
677 2412 803 2477 illorum
836 2410 1086 2476 consecutionem
1108 2410 1142 2474 in
1166 2409 1225 2475 hoo
1246 2411 1362 2498 oppido
1491 2429 1495 2438 ·

170 2512 309 2578 medendi
333 2516 488 2582 rationem
503 2538 645 2582 exercere
659 2516 739 2602 phas
754 2521 831 2582 esto.
879 2514 1066 2581 Ductoribus
1082 2520 1189 2580 tamen
1204 2515 1362 2580 ordinarie

171 2616 369 2699 docentibus,
401 2643 471 2686 cum
494 2643 605 2708 aegros
628 2623 786 2701 inuisunt,
819 2622 934 2699 adsint,
957 2624 994 2685 vt
1015 2620 1056 2686 ab
1078 2619 1149 2688 aliis
1171 2619 1361 2704 exquisitam

167 2724 295 2790 curandi
318 2725 501 2792 methodum
523 2727 710 2813 perdiscant.

373 2954 430 3020 De
451 2957 620 3022 ratione
643 2957 919 3042 petendorum
943 2956 1152 3022 honorum.

645 3116 772 3182 Titulus
795 3115 869 3182 VH.

252 3248 411 3315 Petiturus
434 3249 568 3317 honores
592 3252 753 3318 doctoreos
768 3275 883 3319 nomen
899 3276 990 3319 suum
1013 3257 1095 3341 apud
1111 3256 1262 3322 decanum
1285 3278 1358 3339 pro·

162 3352 271 3416 fitetur
301 3357 332 3418 et
366 3359 400 3419 vt
422 3353 596 3422 Consilium
624 3358 722 3423 studii
752 3359 844 3424 huius
873 3366 1022 3427 conuocat
1052 3362 1162 3447 petito.
1216 3360 1360 3426 Decanus

165 3457 316 3541 petitioni
339 3459 425 3526 illius
448 3467 570 3528 annuat
593 3467 625 3528 et
646 3465 811 3529 consilium
835 3471 994 3543 conuocat,
1018 3467 1084 3552 ipse
1107 3489 1231 3552 quoque
1252 3465 1360 3531 candi·

167 3562 260 3626 datus
283 3563 385 3631 iussus
407 3567 514 3633 adesse
535 3573 604 3634 tum
627 3576 778 3655 appareat
799 3572 923 3656 etquid
943 3577 1072 3638 conetur
1094 3573 1201 3658 paucis
1224 3571 1262 3637 ed
1279 3571 1360 3636 Con·

162 3667 271 3733 silium
296 3670 422 3736 referat.
468 3671 536 3749 Quo
559 3675 642 3741 facto
658 3674 784 3743 Decano
807 3678 979 3743 solenniter
1000 3679 1168 3762 promittat
1190 3701 1223 3744 se
1245 3678 1357 3744 adan-

162 3777 324 3860 terrogata
349 3799 407 3861 pro
422 3779 613 3845 conscientia
627 3803 685 3846 sua
707 3786 740 3848 et
752 3781 885 3848 ueritate
900 3805 1123 3868 responsurum
1138 3807 1214 3849 esse.
1253 3783 1357 3850 Inter·

163 3883 275 3964 rogata
297 3902 371 3946 uero
393 3882 433 3947 iis
455 3883 493 3948 de
515 3884 606 3949 rebus
629 3890 731 3950 sunto.

256 3983 448 4052 Primum.
502 3987 588 4054 Num
624 3990 657 4056 in
694 3992 801 4056 album
834 3992 1061 4059 Vniuersitatis
1095 3993 1226 4060 Scholae
1263 3994 1357 4059 huius
1442 4016 1445 4024 ’

161 4089 332 4175 inscriptus
355 4093 406 4158 sit.
451 4091 562 4179 Neque
585 4096 670 4160 enim
694 4097 789 4163 alicui
811 4099 850 4162 ad
866 4096 1002 4164 honores
1017 4099 1155 4182 aspirare
1171 4099 1271 4177 liceat,
1294 4099 1359 4164 nisi

161 4215 275 4259 nomen
310 4215 402 4262 suum
432 4203 525 4265 antea
557 4202 640 4286 apud
662 4201 826 4268 Rectorem
858 4202 1085 4270 Vniuersitatis
1113 4203 1236 4270 scholae
1263 4204 1374 4300 huius¹

159 4299 317 4384 professus
340 4303 443 4367 fuerit.

254 4404 495 4474 Secundum.
544 4408 597 4474 An
632 4411 728 4475 studii
760 4413 807 4476 sui
842 4417 966 4498 tempus
998 4415 1176 4500 legitimum
1202 4437 1238 4480 ac
1264 4438 1355 4501 prae·

160 4511 317 4596 scriptum
339 4513 371 4579 in
395 4513 599 4581 uniuersitate
621 4515 745 4582 scholae
766 4516 859 4584 huius
881 4522 937 4583 aut
959 4519 1021 4586 ulia
1047 4519 1232 4599 obsoluerit,
1262 4521 1356 4609 idque
