3460 5314
338 478 400 545 362
798 472 929 529 facultas
948 471 1069 527 Artium.

338 639 476 702 renciam
499 636 714 702 obedienciam
744 636 777 699 et
809 633 963 699 honorem
995 633 1111 697 decano
1134 633 1168 695 et
1190 629 1355 717 Magistris
1378 631 1540 696 facultatis

339 743 456 806 artium
479 741 572 807 huius
588 740 685 806 studii
700 738 830 818 deferat,
854 738 1031 803 secundo
1054 736 1138 821 quod
1154 735 1194 800 ad
1208 735 1409 802 vocacioncm
1429 736 1540 801 decani

341 853 529 932 compareat,
555 845 827 930 quocienscunque
857 866 915 928 pro
946 845 1028 908 bono
1051 842 1212 907 facultatis
1233 845 1362 906 vocatus
1386 840 1538 919 extiterit,

338 974 432 1036 quam
465 953 518 1016 diu
551 948 758 1033 compleuerit
786 948 835 1013 rel
864 948 983 1013 rexerit
1005 947 1039 1010 in
1070 946 1177 1012 eadem
1200 945 1369 1022 facultate,
1400 947 1540 1010 tercio

339 1059 422 1142 quod
452 1055 537 1121 infra
564 1076 704 1119 mensem
735 1058 918 1138 atempore
939 1075 994 1118 sue
1016 1052 1184 1118 looacionis
1217 1052 1388 1118 inmediats
1410 1073 1540 1136 compu-

341 1161 474 1226 tandum
497 1163 578 1226 scitu
601 1161 712 1226 decani
734 1161 844 1245 prsuia
866 1159 961 1223 solita
983 1160 1016 1223 in
1039 1159 1141 1224 raluis
1163 1158 1378 1234 intimatione,
1401 1157 1460 1221 sub
1483 1178 1540 1221 suo

342 1264 540 1331 Conuentcre
571 1265 612 1349 (si
636 1265 924 1330 Baocalaureandna
954 1264 1084 1348 fuerit),
1118 1262 1357 1347 Magistraudus
1386 1283 1459 1326 vero
1481 1260 1540 1325 sub

345 1369 462 1434 decano
484 1392 541 1454 pro
565 1374 707 1454 tempore
729 1371 863 1455 gradum
886 1370 1024 1453 recipere
1046 1369 1123 1433 velit
1138 1367 1289 1433 adhibitis
1312 1371 1345 1433 et
1367 1367 1542 1432 obseruatis

342 1474 586 1541 solennitatibus
610 1475 642 1538 in
667 1474 844 1539 huiusmodi
868 1479 941 1539 actu
963 1474 1065 1538 solitis
1088 1477 1119 1538 et
1142 1473 1309 1538 consuetis.

430 1579 484 1655 Qu
495 1582 576 1645 arto
593 1579 720 1656 iurabit,
744 1579 826 1663 quod
842 1580 881 1644 ad
896 1578 1065 1664 prandium
1082 1577 1330 1643 determinatum
1346 1575 1541 1661 Magistran·

344 1683 401 1747 dus
424 1685 538 1748 invitet
560 1705 668 1748 omnes
693 1683 861 1750 birretatos
883 1685 922 1749 de
944 1684 1065 1775 gremio
1088 1681 1325 1748 Vniuersitatis.
1370 1680 1542 1746 Baccalau-

341 1789 476 1852 reaudus
500 1810 573 1854 vero
597 1788 636 1853 ad
658 1790 764 1854 minus
780 1791 896 1855 invitet
911 1790 1078 1855 Rectorem
1094 1787 1320 1854 Vniuerritatis
1337 1791 1369 1851 et
1389 1787 1543 1850 decanum

346 1912 417 1955 cum
441 1893 683 1977 temptatoribus
705 1893 770 1957 auis
792 1897 825 1958 et
836 1893 1008 1979 Magistros
1025 1894 1062 1957 de
1077 1891 1208 1957 consilio
1230 1890 1392 1956 facultatis
1415 1889 1541 1966 artium,

345 1997 371 2061 si
395 2019 529 2080 expense
551 1998 731 2064 suffecerint
753 1997 772 2062 ¹.

432 2101 586 2178 Quinto
617 2102 699 2185 quod
731 2124 883 2188 expensas
906 2103 1100 2187 subscriptas
1130 2107 1205 2168 ante
1231 2103 1337 2166 actum
1358 2103 1391 2164 et
1412 2099 1447 2163 in
1470 2103 1544 2163 actu

343 2207 522 2290 persoluere
544 2207 638 2272 velit:

732 2333 794 2397 isco
819 2329 1046 2397 Vniuersitatis
1069 2327 1133 2394 VII
1155 2330 1178 2412 β
1199 2327 1230 2390 b.

706 2437 796 2502 lfisco
819 2436 980 2502 facultatis
1003 2455 1101 2498 vnum
1124 2434 1193 2498 flor.

366 2553 656 2619 Baccalaureandus
706 2541 899 2608 Conuentori
928 2561 984 2604 suo
1006 2561 1065 2622 pro
1087 2535 1328 2602 kathedralibus
1352 2556 1449 2599 vnum
1472 2533 1543 2597 flor.

421 2659 580 2742 persoluat
706 2647 767 2711 Pro
792 2645 925 2731 prandio
947 2666 1042 2708 vnam
1064 2643 1179 2708 libram
1201 2642 1232 2706 h.

706 2753 768 2818 Pro
790 2752 935 2836 expensis
957 2749 1111 2814 examinis
1134 2748 1301 2813 dimidium
1315 2745 1383 2810 flor.

709 2857 833 2922 Pedello
855 2855 886 2922 V
907 2859 931 2942 β
952 2856 983 2920 h.
1004 2853 1025 2919 ².

709 2971 800 3036 Pisce
823 2968 1050 3035 Vniuersitatis
1073 2966 1212 3032 medium
1235 2965 1303 3029 flor.

709 3075 800 3140 Fisco
821 3073 984 3139 facultatis
1006 3074 1084 3137 duos
1106 3072 1174 3135 flor.

710 3180 837 3246 Rectori
859 3177 1086 3243 Vniuersitatis
1110 3175 1140 3238 V
1161 3180 1193 3260 β.
1217 3174 1248 3237 ln

539 3353 543 3362 ,
710 3285 902 3351 Conuentori
923 3306 979 3348 suo
1003 3304 1061 3368 pro
1084 3279 1322 3346 kathedralibus
1345 3275 1379 3340 II
1400 3275 1468 3339 flor.

385 3381 622 3468 Masslfllfflssduf
711 3393 771 3457 Pro
794 3391 939 3476 expensis
970 3389 1097 3476 prandii
1119 3385 1302 3452 Aristotelis
1325 3381 1544 3467 expensabunt

134 3518 140 3528 ·
236 3535 238 3540 ·
372 3507 446 3550 VerO
479 3486 639 3570 persoluat
775 3518 884 3561 omnes
910 3495 1076 3559 birretatos
1095 3490 1118 3556 ³.

712 3602 771 3667 Pro
795 3599 940 3686 expensis
963 3599 1116 3664 examinis
1140 3619 1237 3660 vnum
1260 3595 1327 3659 flor.

710 3707 772 3772 Pro
821 3705 981 3770 laboribus
1033 3703 1262 3788 Magistrorum
1316 3701 1546 3783 temptatorum

775 3833 872 3875 vnum
894 3810 962 3874 flor.

710 3914 997 4000 hfflbde

346 4103 1550 4138 ——........-....-—-—-,-

439 4210 450 4248 ¹
470 4220 525 4275 Der
549 4220 638 4275 rierte
656 4218 746 4272 Pnnot
763 4216 802 4270 ist
819 4215 851 4269 in
869 4207 906 4272 B.
930 4209 1112 4282 ausgefallen.
1150 4208 1201 4264 Die
1219 4207 1347 4273 Zithlung
1364 4201 1476 4271 springt
1496 4217 1552 4255 von

348 4315 434 4372 tercio
453 4317 505 4370 auf
520 4315 627 4385 quinto.

443 4402 455 4440 ²
479 4404 506 4468 B
525 4412 597 4466 aetat
616 4409 675 4465 bei:
697 4401 825 4468 Decano
848 4399 925 4463 duos
947 4401 971 4482 β
991 4419 1049 4482 pm
1072 4394 1286 4460 intitulatum.

438 4506 452 4545 ³
470 4514 500 4570 in
515 4508 553 4576 Β.
572 4515 611 4569 ist
627 4514 688 4569 hier
707 4515 720 4567 1
740 4513 799 4570 flor.
818 4512 973 4582 angesetat.
