3462 5320
360 453 423 518 212
722 448 765 501 41.
791 448 922 502 Statuten
941 445 967 500 d.
987 445 1019 502 U.
1039 464 1095 503 von
1114 447 1190 504 1537.

358 609 504 674 aduocati
526 610 666 685 assunto,
690 605 754 670 nisi
776 627 895 692 magna
911 610 943 671 et
957 606 1114 690 probabili
1129 628 1222 672 causa
1235 607 1458 692 impediantur,
1482 609 1555 674 abs-

357 735 418 798 que
440 735 503 797 qua
525 712 674 795 cuiusque
696 709 841 776 absentia
863 711 873 748 ¹
896 710 998 775 multa
1020 715 1087 776 esto
1110 711 1320 776 cruciatorum
1344 715 1490 795 quatuor.

357 886 414 952 De
437 885 699 951 Rationibus
722 885 840 971 gesti
861 883 1149 971 Magistratus
1172 885 1398 951 reddendis
1420 907 1500 970 cap.
1526 891 1555 950 9.

444 1025 543 1090 Retor
573 1025 658 1089 intra
688 1024 754 1088 dies
777 1023 959 1108 quindecim
990 1045 1061 1088 cum
1085 1023 1277 1110 Magistratu
1300 1024 1414 1089 abierit
1435 1025 1559 1089 ratio-

358 1151 451 1194 nem
473 1128 596 1194 reddito
618 1132 885 1212 acceptorum
909 1133 949 1193 et
970 1151 1267 1214 expensorum,
1299 1129 1441 1194 oratione
1463 1134 1560 1214 atque

359 1256 394 1299 re
416 1233 591 1299 satisfacito
614 1233 699 1297 intra
721 1233 881 1299 octiduum
904 1234 942 1297 de
964 1235 1110 1298 omnibus
1132 1255 1202 1317 qnae
1224 1234 1440 1316 requirentur,
1464 1255 1560 1318 pecu·

358 1340 446 1404 niam
468 1339 657 1422 acquisitam
680 1342 823 1423 tempore
844 1338 1053 1424 Magistratus
1076 1341 1125 1404 sui
1146 1339 1281 1403 fideliter
1303 1339 1421 1405 inferto
1436 1338 1557 1404 Erario.

358 1444 404 1510 Ni
425 1443 549 1524 fecerit,
579 1443 695 1508 soluito
719 1443 854 1507 multam
881 1444 993 1509 floreni
1016 1444 1107 1508 vnius
1130 1447 1186 1508 aut
1207 1447 1318 1508 contra
1340 1445 1558 1509 iusiurandum

358 1549 468 1616 fecisse
490 1548 653 1613 indicator.
701 1546 760 1612 His
791 1550 927 1633 peractis
950 1553 982 1613 et
1008 1549 1172 1633 explicatis
1194 1548 1372 1613 rationibus
1394 1552 1560 1633 pecuniam

360 1657 549 1738 presentem
572 1673 673 1717 nouus
688 1650 888 1716 Rector'vna
911 1673 982 1716 cum
1004 1653 1172 1738 clauigeris
1193 1652 1383 1718 inErarium
1395 1653 1559 1719 Vniuersi-

359 1759 434 1823 tatis
450 1759 585 1822 fideliter
601 1756 718 1821 inferat
733 1757 773 1820 ad
789 1757 883 1841 idque
904 1757 1082 1823 faciendum
1094 1758 1297 1842 jureiurando
1309 1759 1457 1824 astrictus
1482 1763 1557 1824 esto.

445 1861 514 1938 Quo
536 1863 586 1926 die
609 1883 680 1927 cum
695 1861 830 1926 Rectore
845 1863 984 1926 rationes
999 1862 1207 1946 putabuntur,
1230 1864 1373 1928 omnium
1388 1865 1558 1948 professio·

357 1991 436 2034 num
458 1966 615 2032 Decani
639 1970 671 2030 et
693 1965 756 2050 ipsi
778 1965 938 2031 referunto
963 1966 1102 2031 rationes
1126 1988 1205 2032 suas.

447 2072 564 2140 Rector
594 2094 656 2158 quo
688 2072 737 2136 die
760 2070 951 2157 Magistrstu
974 2071 1109 2149 abierit,
1140 2073 1242 2156 petito
1265 2076 1301 2137 ut
1324 2078 1394 2138 acta
1415 2077 1447 2138 et
1469 2077 1559 2158 gesta

358 2175 567 2262 Magistratus
582 2178 632 2242 sui
649 2179 773 2242 decreto
788 2177 910 2262 publici
927 2179 1047 2262 consilij
1064 2181 1134 2242 rata
1148 2178 1240 2243 firma
1255 2178 1440 2244 habeantur.
1471 2179 1559 2244 Idem

359 2285 468 2346 curato
488 2283 615 2347 recitari
638 2287 791 2348 annotata
813 2284 1030 2347 consultorum
1054 2288 1085 2347 et
1108 2282 1302 2347 decretorum
1326 2287 1467 2369 ternpore
1489 2284 1559 2348 Ma-

358 2387 512 2472 gistratus
539 2388 607 2466 sui,
645 2393 682 2452 ut
711 2389 740 2453 si
772 2409 906 2473 quorum
941 2389 1093 2454 memoria
1129 2388 1313 2474 diligentius
1344 2391 1560 2454 conseruanda

359 2491 512 2572 uideatur,
537 2515 573 2557 ea
588 2494 621 2558 in
637 2495 833 2560 decretorum
850 2494 969 2558 librum
983 2494 1176 2578 praecipuum
1191 2493 1376 2557 referantur.
1416 2493 1560 2579 Itemque

363 2596 482 2661 Decani
492 2598 688 2682 singularum
702 2598 942 2682 professionum,
959 2603 995 2662 ut
1010 2599 1147 2663 rationes
1159 2621 1178 2663 a
1189 2619 1222 2662 se
1236 2599 1343 2663 relatae
1353 2599 1559 2682 comproben-

359 2708 421 2783 tur,
445 2707 551 2788 petere
573 2708 605 2768 et
627 2705 751 2769 easdem
774 2705 937 2770 ostendere
952 2707 1047 2788 atque
1070 2705 1181 2769 offerre
1196 2702 1408 2768 Vniuersitati
1431 2704 1554 2768 debent.

537 2875 591 2942 De
614 2876 901 2944 contubernio
925 2877 1195 2964 inspiciendo
1218 2899 1301 2962 cap.
1329 2879 1377 2942 10.

447 2996 659 3064 Cancellarius
674 2999 902 3065 Vniuersitatis
925 3021 988 3064 vna
1011 3021 1081 3064 cum
1104 2999 1239 3064 secundo
1261 3001 1436 3082 professore
1451 2999 1554 3064 Theo·

359 3103 462 3190 logiae,
485 3103 631 3168 Ecclesiae
647 3104 861 3189 Tubingensis
878 3104 1014 3180 Decano,
1036 3109 1197 3188 assumpto
1212 3105 1461 3190 paedagogarcha
1476 3103 1558 3169 Con·

359 3210 497 3294 tubernij
520 3233 570 3276 res
593 3210 749 3295 inspiciet.
789 3210 922 3278 (iurabit
943 3214 980 3274 ut
996 3210 1041 3273 ibi
1056 3209 1207 3295 Magistri
1230 3208 1385 3287 habitent,
1409 3210 1559 3293 quicum

359 3313 450 3377 istius
484 3313 615 3401 Collegij
641 3315 775 3380 Rectore
810 3338 913 3381 mores
944 3315 1176 3381 adolescentum
1205 3336 1313 3400 regere
1343 3318 1375 3378 et
1407 3314 1560 3398 priuatim

359 3418 455 3482 etiam
471 3419 640 3504 discipulos
656 3421 825 3485 instituere
839 3422 941 3485 uelint
956 3426 987 3486 et
1003 3421 1134 3504 possint.
1174 3419 1257 3495 Quos
1273 3419 1368 3482 etiam
1383 3422 1420 3482 ut
1435 3441 1560 3484 morum

359 3544 503 3588 censores
527 3525 564 3588 de
587 3525 816 3609 discipulorum
832 3527 993 3591 oeconomi
1016 3531 1048 3590 et
1063 3527 1281 3590 ministrorum
1296 3524 1400 3588 officio
1416 3523 1560 3610 singula-

359 3630 419 3693 tim
442 3629 663 3716 interrogabit.
699 3631 733 3695 si
757 3633 828 3714 quis
843 3632 1013 3716 deliquisse
1035 3631 1189 3694 iudicatus
1211 3629 1317 3705 fuerit,
1341 3651 1412 3693 eum
1435 3630 1485 3693 uel
1508 3650 1560 3692 ca·

359 3735 507 3820 stigando
529 3737 581 3800 uel
603 3736 738 3800 multem
762 3736 942 3820 irrogando,
966 3736 1135 3800 secundum
1153 3735 1259 3800 delicti
1276 3734 1403 3798 modum
1426 3737 1457 3797 et
1480 3754 1561 3818 prae-

360 3840 479 3924 scripta
500 3841 617 3926 legum,
641 3841 804 3905 meliorem
827 3841 955 3905 reddere
978 3840 1126 3906 studebit.
1173 3837 1327 3922 Exquiret
1349 3838 1561 3922 neglectiones

358 3949 391 4008 et
412 3944 536 4024 delicta,
560 3968 666 4030 paenas
688 3946 804 4031 exiget,
827 3951 1060 4011 sacramentum
1082 3946 1185 4010 dicere
1207 3943 1338 4008 iubebit.

447 4049 562 4115 Rector
584 4051 783 4134 contubernij
807 4052 927 4116 nullius
949 4073 1065 4116 nomen
1087 4049 1256 4128 inscribat,
1279 4070 1338 4113 nea
1360 4048 1560 4113 uexationem

359 4154 455 4218 etiam
477 4155 536 4219 ulli
560 4156 715 4236 decernat,
739 4156 800 4219 nisi
823 4177 879 4241 per
901 4157 1058 4241 pedellum
1081 4159 1137 4220 aut
1159 4155 1238 4220 alios
1256 4155 1316 4218 fide
1338 4155 1452 4239 dignos
1474 4177 1561 4219 aom-

359 4259 486 4342 pererit,
510 4260 603 4324 illum
625 4264 658 4324 et
678 4261 762 4345 apud
780 4261 948 4326 Rectorem
962 4260 1190 4328 Vniuersitatis
1213 4263 1246 4323 et
1260 4259 1422 4324 Decanum
1444 4282 1561 4325 nomen

358 4385 449 4428 suum
472 4385 537 4430 esse
559 4365 748 4450 professum.

431 4524 442 4577 l
463 4519 605 4575 absentiae.
