<?xml version="1.0" encoding="UTF-8"?>
<!DOCTYPE html PUBLIC "-//W3C//DTD XHTML 1.0 Transitional//EN"
    "http://www.w3.org/TR/xhtml1/DTD/xhtml1-transitional.dtd">
<html xmlns="http://www.w3.org/1999/xhtml" xml:lang="en" lang="en">
 <head>
  <title>
</title>
<meta http-equiv="Content-Type" content="text/html;charset=utf-8" />
  <meta name='ocr-system' content='tesseract 3.04.00' />
  <meta name='ocr-capabilities' content='ocr_page ocr_carea ocr_par ocr_line ocrx_word'/>
</head>
<body>
  <div class='ocr_page' id='page_1' title='image "./urkundenzurgesc00tbgoog_0408.png"; bbox 0 0 3504 5322; ppageno 0'>
   <div class='ocr_carea' id='block_1_1' title="bbox 350 477 1073 546">
    <p class='ocr_par' dir='ltr' id='par_1_1' title="bbox 350 477 1073 546">
     <span class='ocr_line' id='line_1_1' title="bbox 350 477 1073 546; baseline -0.019 0"><span class='ocrx_word' id='word_1_1' title='bbox 350 481 413 546; x_wconf 81' lang='grc'><strong>394</strong></span> <span class='ocrx_word' id='word_1_2' title='bbox 804 477 934 532; x_wconf 84' lang='lat' dir='ltr'><strong>Facultas</strong></span> <span class='ocrx_word' id='word_1_3' title='bbox 954 477 1073 532; x_wconf 86' lang='lat' dir='ltr'><strong>Artium.</strong></span> 
     </span>
    </p>
   </div>
   <div class='ocr_carea' id='block_1_2' title="bbox 344 636 1544 1468">
    <p class='ocr_par' dir='ltr' id='par_1_2' title="bbox 344 636 1543 813">
     <span class='ocr_line' id='line_1_2' title="bbox 345 636 1543 727; baseline -0.004 -23"><span class='ocrx_word' id='word_1_4' title='bbox 345 661 481 727; x_wconf 87' lang='lat' dir='ltr'><strong>operam,</strong></span> <span class='ocrx_word' id='word_1_5' title='bbox 506 642 543 702; x_wconf 86' lang='lat' dir='ltr'><strong>ut</strong></span> <span class='ocrx_word' id='word_1_6' title='bbox 566 636 763 722; x_wconf 77' lang='lat' dir='ltr'><strong>inquisitioni</strong></span> <span class='ocrx_word' id='word_1_7' title='bbox 786 638 900 722; x_wconf 85' lang='lat' dir='ltr'><strong>etipse</strong></span> <span class='ocrx_word' id='word_1_8' title='bbox 925 637 1104 722; x_wconf 82' lang='lat' dir='ltr'><strong>frequenter</strong></span> <span class='ocrx_word' id='word_1_9' title='bbox 1119 637 1255 714; x_wconf 88' lang='lat' dir='ltr'><strong>intersit,</strong></span> <span class='ocrx_word' id='word_1_10' title='bbox 1279 637 1366 701; x_wconf 89' lang='lat' dir='ltr'><strong>uelut</strong></span> <span class='ocrx_word' id='word_1_11' title='bbox 1385 637 1543 718; x_wconf 88' lang='lat' dir='ltr'><strong>inspector</strong></span> 
     </span>
     <span class='ocr_line' id='line_1_3' title="bbox 344 743 843 813; baseline -0.014 0"><span class='ocrx_word' id='word_1_12' title='bbox 344 751 375 813; x_wconf 91' lang='lat' dir='ltr'><strong>ct</strong></span> <span class='ocrx_word' id='word_1_13' title='bbox 398 748 424 812; x_wconf 91' lang='lat' dir='ltr'><strong>si</strong></span> <span class='ocrx_word' id='word_1_14' title='bbox 447 768 495 810; x_wconf 87' lang='lat' dir='ltr'><strong>res</strong></span> <span class='ocrx_word' id='word_1_15' title='bbox 518 745 564 809; x_wconf 90' lang='lat' dir='ltr'><strong>ita</strong></span> <span class='ocrx_word' id='word_1_16' title='bbox 585 743 695 808; x_wconf 89' lang='lat' dir='ltr'><strong>tulerit</strong></span> <span class='ocrx_word' id='word_1_17' title='bbox 717 743 843 808; x_wconf 75' lang='lat' dir='ltr'><strong>arbiter.</strong></span> 
     </span>
    </p>

    <p class='ocr_par' dir='ltr' id='par_1_3' title="bbox 344 847 1544 1468">
     <span class='ocr_line' id='line_1_4' title="bbox 434 847 1544 934; baseline -0.005 -18"><span class='ocrx_word' id='word_1_18' title='bbox 434 851 554 928; x_wconf 78' lang='lat' dir='ltr'><strong>Quibus</strong></span> <span class='ocrx_word' id='word_1_19' title='bbox 584 849 765 934; x_wconf 90' lang='lat' dir='ltr'><strong>inquirendi</strong></span> <span class='ocrx_word' id='word_1_20' title='bbox 795 872 909 914; x_wconf 88' lang='lat' dir='ltr'><strong>munus</strong></span> <span class='ocrx_word' id='word_1_21' title='bbox 941 849 1049 914; x_wconf 91' lang='lat' dir='ltr'><strong>datum</strong></span> <span class='ocrx_word' id='word_1_22' title='bbox 1080 849 1176 914; x_wconf 85' lang='lat' dir='ltr'><strong>tuerit</strong></span> <span class='ocrx_word' id='word_1_23' title='bbox 1199 853 1293 933; x_wconf 90' lang='lat' dir='ltr'><strong>atque</strong></span> <span class='ocrx_word' id='word_1_24' title='bbox 1315 849 1424 913; x_wconf 87' lang='lat' dir='ltr'><strong>ordine</strong></span> <span class='ocrx_word' id='word_1_25' title='bbox 1446 847 1544 912; x_wconf 88' lang='lat' dir='ltr'><strong>fuerit</strong></span> 
     </span>
     <span class='ocr_line' id='line_1_5' title="bbox 345 953 1543 1037; baseline -0.008 -12"><span class='ocrx_word' id='word_1_26' title='bbox 345 961 500 1037; x_wconf 89' lang='lat' dir='ltr'><strong>delatum,</strong></span> <span class='ocrx_word' id='word_1_27' title='bbox 532 957 572 1022; x_wconf 89' lang='lat' dir='ltr'><strong>iis</strong></span> <span class='ocrx_word' id='word_1_28' title='bbox 595 958 767 1022; x_wconf 78' lang='lat' dir='ltr'><strong>detrectare</strong></span> <span class='ocrx_word' id='word_1_29' title='bbox 797 957 845 1021; x_wconf 89' lang='lat' dir='ltr'><strong>ius</strong></span> <span class='ocrx_word' id='word_1_30' title='bbox 868 978 932 1020; x_wconf 90' lang='lat' dir='ltr'><strong>non</strong></span> <span class='ocrx_word' id='word_1_31' title='bbox 956 960 1031 1020; x_wconf 82' lang='lat' dir='ltr'><strong>esto,</strong></span> <span class='ocrx_word' id='word_1_32' title='bbox 1078 955 1112 1020; x_wconf 83' lang='lat' dir='ltr'><strong>Si</strong></span> <span class='ocrx_word' id='word_1_33' title='bbox 1133 956 1266 1020; x_wconf 84' lang='lat' dir='ltr'><strong>iecerint</strong></span> <span class='ocrx_word' id='word_1_34' title='bbox 1295 954 1413 1018; x_wconf 88' lang='lat' dir='ltr'><strong>mulcta</strong></span> <span class='ocrx_word' id='word_1_35' title='bbox 1435 954 1475 1017; x_wconf 90' lang='lat' dir='ltr'><strong>ab</strong></span> <span class='ocrx_word' id='word_1_36' title='bbox 1498 953 1543 1018; x_wconf 86' lang='lat' dir='ltr'><strong>eis</strong></span> 
     </span>
     <span class='ocr_line' id='line_1_6' title="bbox 344 1061 1544 1151; baseline -0.006 -21"><span class='ocrx_word' id='word_1_37' title='bbox 344 1067 462 1151; x_wconf 90' lang='lat' dir='ltr'><strong>petitor</strong></span> <span class='ocrx_word' id='word_1_38' title='bbox 491 1063 673 1128; x_wconf 88' lang='lat' dir='ltr'><strong>florinorum</strong></span> <span class='ocrx_word' id='word_1_39' title='bbox 704 1063 809 1128; x_wconf 85' lang='lat' dir='ltr'><strong>duum.</strong></span> <span class='ocrx_word' id='word_1_40' title='bbox 865 1061 898 1129; x_wconf 83' lang='lat' dir='ltr'><strong>Si</strong></span> <span class='ocrx_word' id='word_1_41' title='bbox 931 1084 992 1146; x_wconf 89' lang='lat' dir='ltr'><strong>qua</strong></span> <span class='ocrx_word' id='word_1_42' title='bbox 1023 1066 1129 1128; x_wconf 90' lang='lat' dir='ltr'><strong>tamen</strong></span> <span class='ocrx_word' id='word_1_43' title='bbox 1159 1083 1193 1126; x_wconf 89' lang='lat' dir='ltr'><strong>re</strong></span> <span class='ocrx_word' id='word_1_44' title='bbox 1223 1083 1378 1146; x_wconf 75' lang='lat' dir='ltr'><strong>causaque</strong></span> <span class='ocrx_word' id='word_1_45' title='bbox 1409 1064 1544 1146; x_wconf 83' lang='lat' dir='ltr'><strong>urgente</strong></span> 
     </span>
     <span class='ocr_line' id='line_1_7' title="bbox 347 1165 1542 1254; baseline -0.006 -18"><span class='ocrx_word' id='word_1_46' title='bbox 347 1173 435 1237; x_wconf 87' lang='lat' dir='ltr'><strong>obire</strong></span> <span class='ocrx_word' id='word_1_47' title='bbox 457 1171 507 1234; x_wconf 91' lang='lat' dir='ltr'><strong>uel</strong></span> <span class='ocrx_word' id='word_1_48' title='bbox 530 1170 634 1233; x_wconf 86' lang='lat' dir='ltr'><strong>adesse</strong></span> <span class='ocrx_word' id='word_1_49' title='bbox 657 1169 713 1233; x_wconf 90' lang='lat' dir='ltr'><strong>illo</strong></span> <span class='ocrx_word' id='word_1_50' title='bbox 734 1174 876 1254; x_wconf 84' lang='lat' dir='ltr'><strong>tempore</strong></span> <span class='ocrx_word' id='word_1_51' title='bbox 899 1191 962 1234; x_wconf 92' lang='lat' dir='ltr'><strong>non</strong></span> <span class='ocrx_word' id='word_1_52' title='bbox 986 1168 1157 1252; x_wconf 88' lang='lat' dir='ltr'><strong>potuerint,</strong></span> <span class='ocrx_word' id='word_1_53' title='bbox 1187 1189 1223 1232; x_wconf 89' lang='lat' dir='ltr'><strong>ea</strong></span> <span class='ocrx_word' id='word_1_54' title='bbox 1245 1189 1279 1230; x_wconf 91' lang='lat' dir='ltr'><strong>re</strong></span> <span class='ocrx_word' id='word_1_55' title='bbox 1303 1187 1457 1251; x_wconf 87' lang='lat' dir='ltr'><strong>causaque</strong></span> <span class='ocrx_word' id='word_1_56' title='bbox 1478 1165 1542 1230; x_wconf 89' lang='lat' dir='ltr'><strong>De-</strong></span> 
     </span>
     <span class='ocr_line' id='line_1_8' title="bbox 351 1272 1544 1361; baseline -0.005 -19"><span class='ocrx_word' id='word_1_57' title='bbox 351 1300 429 1342; x_wconf 86' lang='lat' dir='ltr'><strong>eano</strong></span> <span class='ocrx_word' id='word_1_58' title='bbox 452 1276 585 1361; x_wconf 87' lang='lat' dir='ltr'><strong>probata</strong></span> <span class='ocrx_word' id='word_1_59' title='bbox 608 1279 790 1360; x_wconf 83' lang='lat' dir='ltr'><strong>surrogetur</strong></span> <span class='ocrx_word' id='word_1_60' title='bbox 813 1275 934 1340; x_wconf 79' lang='lat' dir='ltr'><strong>absenti</strong></span> <span class='ocrx_word' id='word_1_61' title='bbox 958 1274 1038 1338; x_wconf 90' lang='lat' dir='ltr'><strong>alius</strong></span> <span class='ocrx_word' id='word_1_62' title='bbox 1061 1275 1098 1338; x_wconf 93' lang='lat' dir='ltr'><strong>de</strong></span> <span class='ocrx_word' id='word_1_63' title='bbox 1120 1273 1277 1338; x_wconf 86' lang='lat' dir='ltr'><strong>sententia</strong></span> <span class='ocrx_word' id='word_1_64' title='bbox 1292 1272 1433 1350; x_wconf 81' lang='lat' dir='ltr'><strong>Consilii,</strong></span> <span class='ocrx_word' id='word_1_65' title='bbox 1457 1272 1544 1338; x_wconf 90' lang='lat' dir='ltr'><strong>cuius</strong></span> 
     </span>
     <span class='ocr_line' id='line_1_9' title="bbox 352 1378 1288 1468; baseline -0.006 -20"><span class='ocrx_word' id='word_1_66' title='bbox 352 1387 383 1448; x_wconf 89' lang='lat' dir='ltr'><strong>et</strong></span> <span class='ocrx_word' id='word_1_67' title='bbox 407 1383 506 1468; x_wconf 86' lang='lat' dir='ltr'><strong>ipsius</strong></span> <span class='ocrx_word' id='word_1_68' title='bbox 530 1381 596 1446; x_wconf 90' lang='lat' dir='ltr'><strong>sint</strong></span> <span class='ocrx_word' id='word_1_69' title='bbox 617 1381 779 1446; x_wconf 86' lang='lat' dir='ltr'><strong>commoda</strong></span> <span class='ocrx_word' id='word_1_70' title='bbox 800 1382 846 1446; x_wconf 86' lang='lat' dir='ltr'><strong>ita</strong></span> <span class='ocrx_word' id='word_1_71' title='bbox 868 1385 905 1445; x_wconf 88' lang='lat' dir='ltr'><strong>ut</strong></span> <span class='ocrx_word' id='word_1_72' title='bbox 926 1381 1015 1446; x_wconf 90' lang='lat' dir='ltr'><strong>labor</strong></span> <span class='ocrx_word' id='word_1_73' title='bbox 1037 1378 1288 1445; x_wconf 81' lang='lat' dir='ltr'><strong>examinationis.</strong></span> 
     </span>
    </p>
   </div>
   <div class='ocr_carea' id='block_1_3' title="bbox 518 1605 1373 1692">
    <p class='ocr_par' dir='ltr' id='par_1_4' title="bbox 518 1605 1373 1692">
     <span class='ocr_line' id='line_1_10' title="bbox 518 1605 1373 1692; baseline -0.004 -20"><span class='ocrx_word' id='word_1_74' title='bbox 518 1607 574 1672; x_wconf 91' lang='lat' dir='ltr'><strong>De</strong></span> <span class='ocrx_word' id='word_1_75' title='bbox 595 1607 961 1692; x_wconf 82' lang='lat' dir='ltr'><strong>inquisitionibus</strong></span> <span class='ocrx_word' id='word_1_76' title='bbox 984 1607 1075 1671; x_wconf 91' lang='lat' dir='ltr'><strong>siue</strong></span> <span class='ocrx_word' id='word_1_77' title='bbox 1098 1605 1373 1671; x_wconf 80' lang='lat' dir='ltr'><strong>examinibus.</strong></span> 
     </span>
    </p>
   </div>
   <div class='ocr_carea' id='block_1_4' title="bbox 348 1772 1544 2474">
    <p class='ocr_par' dir='ltr' id='par_1_5' title="bbox 348 1772 1544 2474">
     <span class='ocr_line' id='line_1_11' title="bbox 437 1772 1544 1859; baseline -0.004 -19"><span class='ocrx_word' id='word_1_78' title='bbox 437 1774 558 1850; x_wconf 78' lang='lat' dir='ltr'><strong>Quibus</strong></span> <span class='ocrx_word' id='word_1_79' title='bbox 579 1775 793 1859; x_wconf 86' lang='lat' dir='ltr'><strong>inquisitionis</strong></span> <span class='ocrx_word' id='word_1_80' title='bbox 817 1795 897 1839; x_wconf 87' lang='lat' dir='ltr'><strong>onus</strong></span> <span class='ocrx_word' id='word_1_81' title='bbox 919 1774 1091 1852; x_wconf 83' lang='lat' dir='ltr'><strong>incumbet,</strong></span> <span class='ocrx_word' id='word_1_82' title='bbox 1115 1773 1305 1857; x_wconf 86' lang='lat' dir='ltr'><strong>promittant</strong></span> <span class='ocrx_word' id='word_1_83' title='bbox 1328 1772 1544 1856; x_wconf 85' lang='lat' dir='ltr'><strong>inquisitionis</strong></span> 
     </span>
     <span class='ocr_line' id='line_1_12' title="bbox 348 1879 1544 1965; baseline -0.002 -20"><span class='ocrx_word' id='word_1_84' title='bbox 348 1882 381 1945; x_wconf 95' lang='lat' dir='ltr'><strong>in</strong></span> <span class='ocrx_word' id='word_1_85' title='bbox 411 1901 512 1945; x_wconf 89' lang='lat' dir='ltr'><strong>mores</strong></span> <span class='ocrx_word' id='word_1_86' title='bbox 541 1901 577 1944; x_wconf 86' lang='lat' dir='ltr'><strong>ac</strong></span> <span class='ocrx_word' id='word_1_87' title='bbox 605 1879 811 1946; x_wconf 87' lang='lat' dir='ltr'><strong>eruditionem</strong></span> <span class='ocrx_word' id='word_1_88' title='bbox 843 1902 968 1958; x_wconf 88' lang='lat' dir='ltr'><strong>eorum,</strong></span> <span class='ocrx_word' id='word_1_89' title='bbox 999 1901 1077 1964; x_wconf 90' lang='lat' dir='ltr'><strong>quos</strong></span> <span class='ocrx_word' id='word_1_90' title='bbox 1105 1881 1183 1965; x_wconf 88' lang='lat' dir='ltr'><strong>ipsis</strong></span> <span class='ocrx_word' id='word_1_91' title='bbox 1204 1879 1421 1944; x_wconf 77' lang='lat' dir='ltr'><strong>Communitas</strong></span> <span class='ocrx_word' id='word_1_92' title='bbox 1450 1879 1544 1945; x_wconf 89' lang='lat' dir='ltr'><strong>huius</strong></span> 
     </span>
     <span class='ocr_line' id='line_1_13' title="bbox 350 1984 1543 2072; baseline -0.002 -22"><span class='ocrx_word' id='word_1_93' title='bbox 350 1986 447 2050; x_wconf 89' lang='lat' dir='ltr'><strong>studii</strong></span> <span class='ocrx_word' id='word_1_94' title='bbox 476 1984 643 2061; x_wconf 85' lang='lat' dir='ltr'><strong>obtulerit,</strong></span> <span class='ocrx_word' id='word_1_95' title='bbox 673 1984 858 2050; x_wconf 85' lang='lat' dir='ltr'><strong>fidelitatem</strong></span> <span class='ocrx_word' id='word_1_96' title='bbox 890 1989 923 2050; x_wconf 87' lang='lat' dir='ltr'><strong>et</strong></span> <span class='ocrx_word' id='word_1_97' title='bbox 952 1985 1171 2072; x_wconf 74' lang='lat' dir='ltr'><strong>diligentiam,</strong></span> <span class='ocrx_word' id='word_1_98' title='bbox 1204 2007 1269 2050; x_wconf 90' lang='lat' dir='ltr'><strong>non</strong></span> <span class='ocrx_word' id='word_1_99' title='bbox 1291 2007 1436 2068; x_wconf 85' lang='lat' dir='ltr'><strong>passuros</strong></span> <span class='ocrx_word' id='word_1_100' title='bbox 1459 1985 1543 2050; x_wconf 87' lang='lat' dir='ltr'><strong>flecti</strong></span> 
     </span>
     <span class='ocr_line' id='line_1_14' title="bbox 352 2089 1542 2176; baseline -0.001 -21"><span class='ocrx_word' id='word_1_101' title='bbox 352 2091 533 2174; x_wconf 88' lang='lat' dir='ltr'><strong>mouerique</strong></span> <span class='ocrx_word' id='word_1_102' title='bbox 556 2089 677 2155; x_wconf 88' lang='lat' dir='ltr'><strong>animos</strong></span> <span class='ocrx_word' id='word_1_103' title='bbox 700 2113 771 2156; x_wconf 87' lang='lat' dir='ltr'><strong>suos</strong></span> <span class='ocrx_word' id='word_1_104' title='bbox 794 2091 1013 2157; x_wconf 88' lang='lat' dir='ltr'><strong>beneuolentia</strong></span> <span class='ocrx_word' id='word_1_105' title='bbox 1034 2093 1106 2157; x_wconf 92' lang='lat' dir='ltr'><strong>odio</strong></span> <span class='ocrx_word' id='word_1_106' title='bbox 1129 2090 1368 2176; x_wconf 79' lang='lat' dir='ltr'><strong>largitionibus,</strong></span> <span class='ocrx_word' id='word_1_107' title='bbox 1392 2089 1542 2154; x_wconf 88' lang='lat' dir='ltr'><strong>ordinan-</strong></span> 
     </span>
     <span class='ocr_line' id='line_1_15' title="bbox 350 2193 1540 2278; baseline -0.002 -19"><span class='ocrx_word' id='word_1_108' title='bbox 350 2195 461 2260; x_wconf 87' lang='lat' dir='ltr'><strong>dorum</strong></span> <span class='ocrx_word' id='word_1_109' title='bbox 485 2217 592 2260; x_wconf 90' lang='lat' dir='ltr'><strong>curam</strong></span> <span class='ocrx_word' id='word_1_110' title='bbox 615 2219 647 2260; x_wconf 89' lang='lat' dir='ltr'><strong>se</strong></span> <span class='ocrx_word' id='word_1_111' title='bbox 676 2195 840 2261; x_wconf 86' lang='lat' dir='ltr'><strong>habituros</strong></span> <span class='ocrx_word' id='word_1_112' title='bbox 868 2197 1122 2274; x_wconf 86' lang='lat' dir='ltr'><strong>conuenientem,</strong></span> <span class='ocrx_word' id='word_1_113' title='bbox 1158 2199 1224 2260; x_wconf 85' lang='lat' dir='ltr'><strong>tam</strong></span> <span class='ocrx_word' id='word_1_114' title='bbox 1255 2215 1364 2259; x_wconf 89' lang='lat' dir='ltr'><strong>corum</strong></span> <span class='ocrx_word' id='word_1_115' title='bbox 1387 2195 1440 2278; x_wconf 93' lang='lat' dir='ltr'><strong>qui</strong></span> <span class='ocrx_word' id='word_1_116' title='bbox 1463 2193 1540 2258; x_wconf 88' lang='lat' dir='ltr'><strong>Bae-</strong></span> 
     </span>
     <span class='ocr_line' id='line_1_16' title="bbox 351 2298 1543 2388; baseline -0.003 -23"><span class='ocrx_word' id='word_1_117' title='bbox 351 2302 506 2378; x_wconf 87' lang='lat' dir='ltr'><strong>calaurei,</strong></span> <span class='ocrx_word' id='word_1_118' title='bbox 542 2323 637 2385; x_wconf 88' lang='lat' dir='ltr'><strong>quam</strong></span> <span class='ocrx_word' id='word_1_119' title='bbox 668 2302 723 2386; x_wconf 90' lang='lat' dir='ltr'><strong>qui</strong></span> <span class='ocrx_word' id='word_1_120' title='bbox 745 2301 893 2388; x_wconf 81' lang='lat' dir='ltr'><strong>Magistri</strong></span> <span class='ocrx_word' id='word_1_121' title='bbox 923 2303 1080 2387; x_wconf 70' lang='lat' dir='ltr'><strong>designati</strong></span> <span class='ocrx_word' id='word_1_122' title='bbox 1108 2303 1200 2376; x_wconf 88' lang='lat' dir='ltr'><strong>sunt,</strong></span> <span class='ocrx_word' id='word_1_123' title='bbox 1231 2300 1393 2364; x_wconf 87' lang='lat' dir='ltr'><strong>silentium</strong></span> <span class='ocrx_word' id='word_1_124' title='bbox 1422 2298 1543 2383; x_wconf 79' lang='lat' dir='ltr'><strong>prasti-</strong></span> 
     </span>
     <span class='ocr_line' id='line_1_17' title="bbox 348 2407 676 2474; baseline 0.006 -4"><span class='ocrx_word' id='word_1_125' title='bbox 348 2409 437 2472; x_wconf 88' lang='lat' dir='ltr'><strong>turcs</strong></span> <span class='ocrx_word' id='word_1_126' title='bbox 459 2407 676 2474; x_wconf 74' lang='lat' dir='ltr'><strong>calendarum.</strong></span> 
     </span>
    </p>
   </div>
   <div class='ocr_carea' id='block_1_5' title="bbox 799 2592 1093 2658">
    <p class='ocr_par' dir='ltr' id='par_1_6' title="bbox 799 2592 1093 2658">
     <span class='ocr_line' id='line_1_18' title="bbox 799 2592 1093 2658; baseline -0.003 -2"><span class='ocrx_word' id='word_1_127' title='bbox 799 2592 1093 2658; x_wconf 88' lang='lat' dir='ltr'><strong>Baccalaurei.</strong></span> 
     </span>
    </p>
   </div>
   <div class='ocr_carea' id='block_1_6' title="bbox 348 2727 1545 3130">
    <p class='ocr_par' dir='ltr' id='par_1_7' title="bbox 348 2727 1545 3130">
     <span class='ocr_line' id='line_1_19' title="bbox 439 2727 1543 2814; baseline -0.004 -18"><span class='ocrx_word' id='word_1_128' title='bbox 439 2731 639 2796; x_wconf 86' lang='lat' dir='ltr'><strong>Baccalaurei</strong></span> <span class='ocrx_word' id='word_1_129' title='bbox 661 2731 716 2814; x_wconf 93' lang='lat' dir='ltr'><strong>qui</strong></span> <span class='ocrx_word' id='word_1_130' title='bbox 738 2728 806 2794; x_wconf 90' lang='lat' dir='ltr'><strong>fieri</strong></span> <span class='ocrx_word' id='word_1_131' title='bbox 829 2730 1008 2808; x_wconf 86' lang='lat' dir='ltr'><strong>uoluerunt,</strong></span> <span class='ocrx_word' id='word_1_132' title='bbox 1031 2731 1084 2796; x_wconf 90' lang='lat' dir='ltr'><strong>ubi</strong></span> <span class='ocrx_word' id='word_1_133' title='bbox 1102 2733 1299 2814; x_wconf 83' lang='lat' dir='ltr'><strong>compertum</strong></span> <span class='ocrx_word' id='word_1_134' title='bbox 1320 2728 1417 2793; x_wconf 89' lang='lat' dir='ltr'><strong>fuerit</strong></span> <span class='ocrx_word' id='word_1_135' title='bbox 1439 2733 1471 2792; x_wconf 90' lang='lat' dir='ltr'><strong>et</strong></span> <span class='ocrx_word' id='word_1_136' title='bbox 1493 2727 1543 2792; x_wconf 89' lang='lat' dir='ltr'><strong>iu·</strong></span> 
     </span>
     <span class='ocr_line' id='line_1_20' title="bbox 350 2835 1544 2920; baseline -0.003 -20"><span class='ocrx_word' id='word_1_137' title='bbox 350 2837 487 2901; x_wconf 89' lang='lat' dir='ltr'><strong>dicatum</strong></span> <span class='ocrx_word' id='word_1_138' title='bbox 518 2838 558 2901; x_wconf 85' lang='lat' dir='ltr'><strong>ab</strong></span> <span class='ocrx_word' id='word_1_139' title='bbox 590 2835 830 2920; x_wconf 88' lang='lat' dir='ltr'><strong>inquisitoribus</strong></span> <span class='ocrx_word' id='word_1_140' title='bbox 862 2858 913 2900; x_wconf 87' lang='lat' dir='ltr'><strong>eos</strong></span> <span class='ocrx_word' id='word_1_141' title='bbox 936 2859 1003 2902; x_wconf 89' lang='lat' dir='ltr'><strong>esse</strong></span> <span class='ocrx_word' id='word_1_142' title='bbox 1025 2838 1080 2901; x_wconf 92' lang='lat' dir='ltr'><strong>illo</strong></span> <span class='ocrx_word' id='word_1_143' title='bbox 1103 2836 1221 2902; x_wconf 90' lang='lat' dir='ltr'><strong>honore</strong></span> <span class='ocrx_word' id='word_1_144' title='bbox 1253 2836 1382 2919; x_wconf 84' lang='lat' dir='ltr'><strong>dignos,</strong></span> <span class='ocrx_word' id='word_1_145' title='bbox 1412 2855 1544 2898; x_wconf 90' lang='lat' dir='ltr'><strong>consen-</strong></span> 
     </span>
     <span class='ocr_line' id='line_1_21' title="bbox 348 2938 1544 3026; baseline -0.001 -22"><span class='ocrx_word' id='word_1_146' title='bbox 348 2940 501 3005; x_wconf 84' lang='lat' dir='ltr'><strong>tientibus</strong></span> <span class='ocrx_word' id='word_1_147' title='bbox 526 2939 672 3006; x_wconf 88' lang='lat' dir='ltr'><strong>omnibus</strong></span> <span class='ocrx_word' id='word_1_148' title='bbox 695 2940 935 3023; x_wconf 88' lang='lat' dir='ltr'><strong>inquisitoribus</strong></span> <span class='ocrx_word' id='word_1_149' title='bbox 958 2945 1014 3007; x_wconf 91' lang='lat' dir='ltr'><strong>aut</strong></span> <span class='ocrx_word' id='word_1_150' title='bbox 1035 2943 1179 3026; x_wconf 86' lang='lat' dir='ltr'><strong>pluribus</strong></span> <span class='ocrx_word' id='word_1_151' title='bbox 1203 2940 1396 3005; x_wconf 87' lang='lat' dir='ltr'><strong>adducentur</strong></span> <span class='ocrx_word' id='word_1_152' title='bbox 1418 2940 1458 3004; x_wconf 86' lang='lat' dir='ltr'><strong>ad</strong></span> <span class='ocrx_word' id='word_1_153' title='bbox 1481 2938 1544 3004; x_wconf 90' lang='lat' dir='ltr'><strong>Dc·</strong></span> 
     </span>
     <span class='ocr_line' id='line_1_22' title="bbox 352 3044 1545 3130; baseline -0.001 -21"><span class='ocrx_word' id='word_1_154' title='bbox 352 3068 475 3124; x_wconf 90' lang='lat' dir='ltr'><strong>canum,</strong></span> <span class='ocrx_word' id='word_1_155' title='bbox 499 3047 553 3130; x_wconf 92' lang='lat' dir='ltr'><strong>qui</strong></span> <span class='ocrx_word' id='word_1_156' title='bbox 576 3044 701 3110; x_wconf 87' lang='lat' dir='ltr'><strong>curabit</strong></span> <span class='ocrx_word' id='word_1_157' title='bbox 722 3067 830 3110; x_wconf 88' lang='lat' dir='ltr'><strong>corum</strong></span> <span class='ocrx_word' id='word_1_158' title='bbox 852 3047 982 3111; x_wconf 87' lang='lat' dir='ltr'><strong>nomina</strong></span> <span class='ocrx_word' id='word_1_159' title='bbox 1010 3047 1141 3112; x_wconf 90' lang='lat' dir='ltr'><strong>inscribi</strong></span> <span class='ocrx_word' id='word_1_160' title='bbox 1164 3048 1197 3111; x_wconf 90' lang='lat' dir='ltr'><strong>in</strong></span> <span class='ocrx_word' id='word_1_161' title='bbox 1220 3045 1339 3111; x_wconf 84' lang='lat' dir='ltr'><strong>Album</strong></span> <span class='ocrx_word' id='word_1_162' title='bbox 1362 3045 1545 3110; x_wconf 81' lang='lat' dir='ltr'><strong>Communi-</strong></span> 
     </span>
    </p>
   </div>
   <div class='ocr_carea' id='block_1_7' title="bbox 216 3145 1545 3235">
    <p class='ocr_par' dir='ltr' id='par_1_8' title="bbox 216 3145 1545 3235">
     <span class='ocr_line' id='line_1_23' title="bbox 216 3145 1545 3235; baseline -0.001 -21"><span class='ocrx_word' id='word_1_163' title='bbox 216 3145 233 3172; x_wconf 83' lang='grc'><strong>“</strong></span> <span class='ocrx_word' id='word_1_164' title='bbox 349 3151 425 3215; x_wconf 89' lang='lat' dir='ltr'><strong>tatis</strong></span> <span class='ocrx_word' id='word_1_165' title='bbox 447 3150 541 3215; x_wconf 88' lang='lat' dir='ltr'><strong>huius</strong></span> <span class='ocrx_word' id='word_1_166' title='bbox 563 3149 659 3214; x_wconf 89' lang='lat' dir='ltr'><strong>studii</strong></span> <span class='ocrx_word' id='word_1_167' title='bbox 683 3150 722 3214; x_wconf 84' lang='lat' dir='ltr'><strong>ad</strong></span> <span class='ocrx_word' id='word_1_168' title='bbox 745 3173 872 3228; x_wconf 89' lang='lat' dir='ltr'><strong>eorum,</strong></span> <span class='ocrx_word' id='word_1_169' title='bbox 905 3152 960 3235; x_wconf 86' lang='lat' dir='ltr'><strong>qui</strong></span> <span class='ocrx_word' id='word_1_170' title='bbox 983 3152 1017 3216; x_wconf 87' lang='lat' dir='ltr'><strong>in</strong></span> <span class='ocrx_word' id='word_1_171' title='bbox 1040 3153 1098 3216; x_wconf 91' lang='lat' dir='ltr'><strong>hac</strong></span> <span class='ocrx_word' id='word_1_172' title='bbox 1121 3155 1194 3216; x_wconf 84' lang='lat' dir='ltr'><strong>ante</strong></span> <span class='ocrx_word' id='word_1_173' title='bbox 1216 3151 1323 3217; x_wconf 88' lang='lat' dir='ltr'><strong>schola</strong></span> <span class='ocrx_word' id='word_1_174' title='bbox 1345 3150 1545 3216; x_wconf 85' lang='lat' dir='ltr'><strong>Baccalaurei</strong></span> 
     </span>
    </p>
   </div>
   <div class='ocr_carea' id='block_1_8' title="bbox 347 3255 542 3322">
    <p class='ocr_par' dir='ltr' id='par_1_9' title="bbox 347 3255 542 3322">
     <span class='ocr_line' id='line_1_24' title="bbox 347 3255 542 3322; baseline -0.005 -2"><span class='ocrx_word' id='word_1_175' title='bbox 347 3255 424 3322; x_wconf 82' lang='lat' dir='ltr'><strong>facti</strong></span> <span class='ocrx_word' id='word_1_176' title='bbox 447 3256 542 3320; x_wconf 76' lang='lat' dir='ltr'><strong>aere.</strong></span> 
     </span>
    </p>
   </div>
   <div class='ocr_carea' id='block_1_9' title="bbox 350 3360 1546 4392">
    <p class='ocr_par' dir='ltr' id='par_1_10' title="bbox 350 3360 1546 3972">
     <span class='ocr_line' id='line_1_25' title="bbox 436 3360 1546 3445; baseline 0.001 -21"><span class='ocrx_word' id='word_1_177' title='bbox 436 3360 485 3425; x_wconf 88' lang='lat' dir='ltr'><strong>Ibi</strong></span> <span class='ocrx_word' id='word_1_178' title='bbox 518 3362 707 3445; x_wconf 84' lang='lat' dir='ltr'><strong>promittent</strong></span> <span class='ocrx_word' id='word_1_179' title='bbox 740 3361 865 3427; x_wconf 89' lang='lat' dir='ltr'><strong>Decano</strong></span> <span class='ocrx_word' id='word_1_180' title='bbox 895 3364 1034 3428; x_wconf 88' lang='lat' dir='ltr'><strong>decretos</strong></span> <span class='ocrx_word' id='word_1_181' title='bbox 1067 3361 1202 3427; x_wconf 88' lang='lat' dir='ltr'><strong>honores</strong></span> <span class='ocrx_word' id='word_1_182' title='bbox 1233 3363 1486 3428; x_wconf 77' lang='lat' dir='ltr'><strong>baccalaureatus</strong></span> <span class='ocrx_word' id='word_1_183' title='bbox 1510 3381 1546 3426; x_wconf 90' lang='lat' dir='ltr'><strong>eo</strong></span> 
     </span>
     <span class='ocr_line' id='line_1_26' title="bbox 350 3464 1544 3553; baseline 0.001 -25"><span class='ocrx_word' id='word_1_184' title='bbox 350 3464 414 3529; x_wconf 88' lang='lat' dir='ltr'><strong>ritu</strong></span> <span class='ocrx_word' id='word_1_185' title='bbox 434 3487 532 3550; x_wconf 85' lang='lat' dir='ltr'><strong>eaque</strong></span> <span class='ocrx_word' id='word_1_186' title='bbox 554 3467 744 3532; x_wconf 86' lang='lat' dir='ltr'><strong>solennitate</strong></span> <span class='ocrx_word' id='word_1_187' title='bbox 768 3468 902 3532; x_wconf 89' lang='lat' dir='ltr'><strong>inituros</strong></span> <span class='ocrx_word' id='word_1_188' title='bbox 925 3490 958 3531; x_wconf 89' lang='lat' dir='ltr'><strong>se</strong></span> <span class='ocrx_word' id='word_1_189' title='bbox 973 3467 1183 3531; x_wconf 86' lang='lat' dir='ltr'><strong>demandante</strong></span> <span class='ocrx_word' id='word_1_190' title='bbox 1209 3491 1272 3534; x_wconf 88' lang='lat' dir='ltr'><strong>uno</strong></span> <span class='ocrx_word' id='word_1_191' title='bbox 1291 3468 1446 3553; x_wconf 83' lang='lat' dir='ltr'><strong>Magistro</strong></span> <span class='ocrx_word' id='word_1_192' title='bbox 1469 3467 1544 3530; x_wconf 91' lang='lat' dir='ltr'><strong>huic</strong></span> 
     </span>
     <span class='ocr_line' id='line_1_27' title="bbox 355 3571 1545 3657; baseline 0.001 -23"><span class='ocrx_word' id='word_1_193' title='bbox 355 3571 512 3636; x_wconf 87' lang='lat' dir='ltr'><strong>curationi</strong></span> <span class='ocrx_word' id='word_1_194' title='bbox 535 3572 700 3656; x_wconf 71' lang='lat' dir='ltr'><strong>praefecte,</strong></span> <span class='ocrx_word' id='word_1_195' title='bbox 734 3595 795 3657; x_wconf 87' lang='lat' dir='ltr'><strong>qua</strong></span> <span class='ocrx_word' id='word_1_196' title='bbox 818 3579 1000 3639; x_wconf 86' lang='lat' dir='ltr'><strong>consuetum</strong></span> <span class='ocrx_word' id='word_1_197' title='bbox 1023 3577 1054 3637; x_wconf 87' lang='lat' dir='ltr'><strong>et</strong></span> <span class='ocrx_word' id='word_1_198' title='bbox 1076 3573 1229 3636; x_wconf 88' lang='lat' dir='ltr'><strong>usitatum</strong></span> <span class='ocrx_word' id='word_1_199' title='bbox 1252 3574 1294 3637; x_wconf 92' lang='lat' dir='ltr'><strong>sit</strong></span> <span class='ocrx_word' id='word_1_200' title='bbox 1317 3573 1387 3637; x_wconf 88' lang='lat' dir='ltr'><strong>illos</strong></span> <span class='ocrx_word' id='word_1_201' title='bbox 1409 3573 1545 3637; x_wconf 90' lang='lat' dir='ltr'><strong>honores</strong></span> 
     </span>
     <span class='ocr_line' id='line_1_28' title="bbox 351 3674 1546 3763; baseline 0.003 -26"><span class='ocrx_word' id='word_1_202' title='bbox 351 3674 427 3738; x_wconf 89' lang='lat' dir='ltr'><strong>iniri</strong></span> <span class='ocrx_word' id='word_1_203' title='bbox 448 3679 543 3760; x_wconf 85' lang='lat' dir='ltr'><strong>atque</strong></span> <span class='ocrx_word' id='word_1_204' title='bbox 564 3679 693 3761; x_wconf 86' lang='lat' dir='ltr'><strong>capessi,</strong></span> <span class='ocrx_word' id='word_1_205' title='bbox 716 3678 885 3763; x_wconf 86' lang='lat' dir='ltr'><strong>persolutis</strong></span> <span class='ocrx_word' id='word_1_206' title='bbox 908 3677 1054 3743; x_wconf 91' lang='lat' dir='ltr'><strong>omnibus</strong></span> <span class='ocrx_word' id='word_1_207' title='bbox 1077 3677 1317 3760; x_wconf 74' lang='lat' dir='ltr'><strong>sumptibus-et</strong></span> <span class='ocrx_word' id='word_1_208' title='bbox 1332 3676 1484 3760; x_wconf 86' lang='lat' dir='ltr'><strong>impensis</strong></span> <span class='ocrx_word' id='word_1_209' title='bbox 1507 3676 1546 3740; x_wconf 93' lang='lat' dir='ltr'><strong>de</strong></span> 
     </span>
     <span class='ocr_line' id='line_1_29' title="bbox 350 3781 1546 3866; baseline 0 -22"><span class='ocrx_word' id='word_1_210' title='bbox 350 3801 436 3846; x_wconf 90' lang='lat' dir='ltr'><strong>more</strong></span> <span class='ocrx_word' id='word_1_211' title='bbox 459 3781 582 3860; x_wconf 87' lang='lat' dir='ltr'><strong>debitis,</strong></span> <span class='ocrx_word' id='word_1_212' title='bbox 607 3781 721 3865; x_wconf 91' lang='lat' dir='ltr'><strong>quibus</strong></span> <span class='ocrx_word' id='word_1_213' title='bbox 745 3784 935 3848; x_wconf 86' lang='lat' dir='ltr'><strong>consumatis</strong></span> <span class='ocrx_word' id='word_1_214' title='bbox 955 3783 1066 3847; x_wconf 89' lang='lat' dir='ltr'><strong>floreni</strong></span> <span class='ocrx_word' id='word_1_215' title='bbox 1088 3805 1152 3847; x_wconf 89' lang='lat' dir='ltr'><strong>non</strong></span> <span class='ocrx_word' id='word_1_216' title='bbox 1167 3783 1228 3847; x_wconf 89' lang='lat' dir='ltr'><strong>toti</strong></span> <span class='ocrx_word' id='word_1_217' title='bbox 1244 3787 1379 3866; x_wconf 87' lang='lat' dir='ltr'><strong>quatuor</strong></span> <span class='ocrx_word' id='word_1_218' title='bbox 1402 3781 1546 3847; x_wconf 83' lang='lat' dir='ltr'><strong>efficiun-</strong></span> 
     </span>
     <span class='ocr_line' id='line_1_30' title="bbox 351 3885 1544 3972; baseline 0.003 -23"><span class='ocrx_word' id='word_1_219' title='bbox 351 3889 412 3950; x_wconf 89' lang='lat' dir='ltr'><strong>tur.</strong></span> <span class='ocrx_word' id='word_1_220' title='bbox 448 3885 619 3971; x_wconf 84' lang='lat' dir='ltr'><strong>Sigillatim</strong></span> <span class='ocrx_word' id='word_1_221' title='bbox 635 3890 741 3952; x_wconf 86' lang='lat' dir='ltr'><strong>autem</strong></span> <span class='ocrx_word' id='word_1_222' title='bbox 757 3889 806 3953; x_wconf 90' lang='lat' dir='ltr'><strong>his</strong></span> <span class='ocrx_word' id='word_1_223' title='bbox 821 3889 1000 3953; x_wconf 90' lang='lat' dir='ltr'><strong>nominibus</strong></span> <span class='ocrx_word' id='word_1_224' title='bbox 1016 3891 1168 3971; x_wconf 89' lang='lat' dir='ltr'><strong>petuntur</strong></span> <span class='ocrx_word' id='word_1_225' title='bbox 1184 3910 1253 3972; x_wconf 78' lang='lat' dir='ltr'><strong>qna</strong></span> <span class='ocrx_word' id='word_1_226' title='bbox 1268 3888 1445 3972; x_wconf 85' lang='lat' dir='ltr'><strong>subscripta</strong></span> <span class='ocrx_word' id='word_1_227' title='bbox 1459 3893 1544 3952; x_wconf 86' lang='lat' dir='ltr'><strong>suut.</strong></span> 
     </span>
    </p>

    <p class='ocr_par' dir='ltr' id='par_1_11' title="bbox 437 3989 1337 4060">
     <span class='ocr_line' id='line_1_31' title="bbox 437 3989 1337 4060; baseline 0.003 -7"><span class='ocrx_word' id='word_1_228' title='bbox 437 3989 528 4054; x_wconf 88' lang='lat' dir='ltr'><strong>Fisco</strong></span> <span class='ocrx_word' id='word_1_229' title='bbox 552 3991 648 4056; x_wconf 90' lang='lat' dir='ltr'><strong>Vniu.</strong></span> <span class='ocrx_word' id='word_1_230' title='bbox 673 3994 786 4060; x_wconf 78' lang='lat' dir='ltr'><strong>schola</strong></span> <span class='ocrx_word' id='word_1_231' title='bbox 808 3995 902 4060; x_wconf 90' lang='lat' dir='ltr'><strong>huius</strong></span> <span class='ocrx_word' id='word_1_232' title='bbox 925 3995 1092 4059; x_wconf 88' lang='lat' dir='ltr'><strong>soluuntur</strong></span> <span class='ocrx_word' id='word_1_233' title='bbox 1114 3994 1246 4059; x_wconf 87' lang='lat' dir='ltr'><strong>cruciati</strong></span> <span class='ocrx_word' id='word_1_234' title='bbox 1267 3992 1337 4058; x_wconf 89' lang='lat' dir='ltr'><strong>XV.</strong></span> 
     </span>
    </p>

    <p class='ocr_par' dir='ltr' id='par_1_12' title="bbox 435 4094 1402 4166">
     <span class='ocr_line' id='line_1_32' title="bbox 435 4094 1402 4166; baseline 0.002 -6"><span class='ocrx_word' id='word_1_235' title='bbox 435 4094 524 4160; x_wconf 80' lang='lat' dir='ltr'><strong>Fisoo</strong></span> <span class='ocrx_word' id='word_1_236' title='bbox 547 4094 789 4166; x_wconf 76' lang='lat' dir='ltr'><strong>communicatis</strong></span> <span class='ocrx_word' id='word_1_237' title='bbox 812 4101 908 4166; x_wconf 89' lang='lat' dir='ltr'><strong>studii</strong></span> <span class='ocrx_word' id='word_1_238' title='bbox 931 4100 1046 4165; x_wconf 90' lang='lat' dir='ltr'><strong>artium</strong></span> <span class='ocrx_word' id='word_1_239' title='bbox 1069 4100 1203 4164; x_wconf 87' lang='lat' dir='ltr'><strong>soluitur</strong></span> <span class='ocrx_word' id='word_1_240' title='bbox 1225 4098 1354 4163; x_wconf 88' lang='lat' dir='ltr'><strong>florinus</strong></span> <span class='ocrx_word' id='word_1_241' title='bbox 1377 4097 1402 4162; x_wconf 89' lang='lat' dir='ltr'><strong>I.</strong></span> 
     </span>
    </p>

    <p class='ocr_par' dir='ltr' id='par_1_13' title="bbox 432 4201 1336 4291">
     <span class='ocr_line' id='line_1_33' title="bbox 432 4201 1336 4291; baseline -0.001 -25"><span class='ocrx_word' id='word_1_242' title='bbox 432 4201 596 4287; x_wconf 83' lang='lat' dir='ltr'><strong>Magistris</strong></span> <span class='ocrx_word' id='word_1_243' title='bbox 620 4203 750 4291; x_wconf 81' lang='lat' dir='ltr'><strong>Collegii</strong></span> <span class='ocrx_word' id='word_1_244' title='bbox 774 4207 987 4291; x_wconf 78' lang='lat' dir='ltr'><strong>praesidentia</strong></span> <span class='ocrx_word' id='word_1_245' title='bbox 1009 4205 1136 4270; x_wconf 89' lang='lat' dir='ltr'><strong>nominc</strong></span> <span class='ocrx_word' id='word_1_246' title='bbox 1158 4205 1174 4268; x_wconf 91' lang='grc' dir='ltr'>Ι</span> <span class='ocrx_word' id='word_1_247' title='bbox 1196 4204 1336 4268; x_wconf 87' lang='lat' dir='ltr'><strong>florinus.</strong></span> 
     </span>
    </p>

    <p class='ocr_par' dir='ltr' id='par_1_14' title="bbox 436 4305 1281 4392">
     <span class='ocr_line' id='line_1_34' title="bbox 436 4305 1281 4392; baseline 0 -22"><span class='ocrx_word' id='word_1_248' title='bbox 436 4305 485 4370; x_wconf 87' lang='lat' dir='ltr'><strong>Ad</strong></span> <span class='ocrx_word' id='word_1_249' title='bbox 507 4307 664 4392; x_wconf 87' lang='lat' dir='ltr'><strong>impensas</strong></span> <span class='ocrx_word' id='word_1_250' title='bbox 688 4313 929 4378; x_wconf 83' lang='lat' dir='ltr'><strong>examinationis</strong></span> <span class='ocrx_word' id='word_1_251' title='bbox 953 4311 1115 4375; x_wconf 89' lang='lat' dir='ltr'><strong>dimidium</strong></span> <span class='ocrx_word' id='word_1_252' title='bbox 1137 4309 1243 4375; x_wconf 90' lang='lat' dir='ltr'><strong>florini</strong></span> <span class='ocrx_word' id='word_1_253' title='bbox 1260 4306 1281 4370; x_wconf 91' lang='lat'><strong>¹.</strong></span> 
     </span>
    </p>
   </div>
   <div class='ocr_carea' id='block_1_10' title="bbox 420 4529 1142 4610">
    <p class='ocr_par' dir='ltr' id='par_1_15' title="bbox 420 4529 1142 4610">
     <span class='ocr_line' id='line_1_35' title="bbox 420 4529 1142 4610; baseline 0.004 -24"><span class='ocrx_word' id='word_1_254' title='bbox 420 4531 433 4586; x_wconf 96' lang='lat' dir='ltr'><strong>l</strong></span> <span class='ocrx_word' id='word_1_255' title='bbox 453 4529 620 4604; x_wconf 81' lang='lat' dir='ltr'><strong>bsigesetzt:</strong></span> <span class='ocrx_word' id='word_1_256' title='bbox 639 4537 712 4608; x_wconf 87' lang='lat' dir='ltr'><strong>quod</strong></span> <span class='ocrx_word' id='word_1_257' title='bbox 732 4538 768 4594; x_wconf 87' lang='lat' dir='ltr'><strong>ad</strong></span> <span class='ocrx_word' id='word_1_258' title='bbox 786 4537 994 4610; x_wconf 85' lang='lat' dir='ltr'><strong>inscriptionem</strong></span> <span class='ocrx_word' id='word_1_259' title='bbox 1011 4536 1142 4608; x_wconf 88' lang='lat' dir='ltr'><strong>pertinet.</strong></span> 
     </span>
    </p>
   </div>
   <div class='ocr_carea' id='block_1_11' title="bbox 0 0 1757 5322">
    <p class='ocr_par' dir='ltr' id='par_1_16' title="bbox 0 0 1757 5322">
     <span class='ocr_line' id='line_1_36' title="bbox 0 0 1757 5322; baseline 0 0"><span class='ocrx_word' id='word_1_260' title='bbox 0 0 1757 5322; x_wconf 95' lang='lat' dir='ltr'><strong> </strong></span> 
     </span>
    </p>
   </div>
  </div>
 </body>
</html>
