3504 5322
616 455 952 512 aestumandum.
1319 461 1382 525 365
1507 456 1513 472 '

185 613 375 693 conferatur,
399 614 437 678 ad
461 614 651 679 delationem
674 615 803 680 Notarii
833 616 881 680 vel
903 614 1023 680 Pedelli
1054 615 1269 680 uniuersItatis
1299 616 1384 682 iura-

183 723 323 783 mentum
345 722 473 803 prestet,
497 723 532 782 vt
555 719 708 803 sequitur.

269 823 674 888 Baooalaureandus
697 824 805 907 itaque
828 823 956 902 iurabit,
980 823 1064 906 quod
1079 846 1135 906 per
1151 825 1287 909 amplius
1309 827 1383 890 obe·

187 927 273 992 diens
305 949 371 996 csse
405 929 482 994 velit
505 927 633 993 Rectori
664 927 759 992 buius
788 928 871 992 alme
902 928 1118 994 uniuersitatis
1149 933 1244 1012 atque
1267 932 1383 997 decano

184 1026 345 1098 facultatis
361 1033 478 1098 artium
492 1034 615 1117 totique
637 1033 792 1111 facultati,
818 1035 851 1097 in
868 1034 963 1097 licitis
979 1038 1012 1097 et
1028 1032 1179 1111 honestis,
1203 1055 1328 1100 secun
1338 1037 1384 1100 do

184 1139 265 1220 quod
288 1160 345 1222 pro
369 1160 459 1223 posse
488 1159 544 1202 suo
575 1138 758 1222 procurabit
789 1138 908 1202 bonum
938 1137 1032 1202 huius
1064 1137 1146 1202 alme
1168 1139 1384 1204 uniuersitatis

187 1247 281 1326 atque
303 1242 466 1308 facultatis
489 1243 623 1320 artium,
652 1244 692 1308 ad
714 1265 931 1327 quemcunque
954 1247 1074 1308 statum
1098 1243 1203 1326 ipsum
1224 1245 1385 1326 pervenire

189 1348 364 1432 contingat,
388 1348 526 1412 tercio
549 1348 632 1430 quod
657 1349 754 1412 istum
777 1349 910 1433 gradum
935 1348 968 1410 in
984 1348 1073 1412 nulla
1092 1349 1155 1412 alia
1177 1347 1384 1412 uniuersitate

183 1456 330 1517 resumat.
377 1452 541 1528 Quarto
565 1453 702 1530 iurabit,
732 1454 814 1536 quod
838 1452 892 1518 bic
913 1453 946 1516 11
972 1453 1175 1516 uniuersitate
1197 1453 1275 1517 velIt
1297 1474 1382 1517 com-

184 1555 270 1640 plere
291 1557 453 1642 integrum
476 1579 596 1622 annum
618 1563 690 1642 post
712 1581 801 1623 suam
819 1559 1051 1642 promocionem
1076 1558 1293 1623 immediatum
1316 1563 1383 1622 stu-

285 1837 338 1905 De
361 1843 457 1905 actu
478 1841 857 1905 determinationis
881 1837 1285 1926 magistrandorum,

271 1976 353 2042 Item
384 1980 542 2062 promotio
575 1979 864 2064 magistrandorum
893 1980 927 2044 in
960 1981 1066 2045 aula
1095 1979 1263 2063 collegi
1268 1978 1281 2060 j
1316 1976 1385 2042 fieri

184 2083 285 2148 debet.

270 2188 410 2265 Quilibet
433 2189 668 2273 magistrandus
690 2189 783 2252 debet
806 2187 921 2252 babere
944 2189 1133 2274 magistrum
1155 2186 1217 2251 sibi
1239 2190 1386 2270 paratum

184 2295 222 2358 ad
247 2293 508 2378 respondendum,
531 2293 581 2358 cui
603 2293 760 2357 birretum
783 2291 816 2356 in
840 2291 945 2356 valore
960 2291 1081 2374 dimidij
1105 2291 1216 2356 floreni
1239 2289 1289 2353 vel
1313 2294 1386 2354 tan-

184 2403 253 2462 tum
275 2398 407 2482 pecunie
430 2397 527 2462 dabit.

274 2502 387 2567 Voluit
417 2504 523 2566 tamen
554 2501 706 2577 incultae,
740 2497 822 2583 quod
853 2499 927 2564 talis
949 2500 1102 2586 magister
1125 2498 1314 2584 respondens
1336 2498 1385 2564 vel

186 2609 400 2674 determinans
423 2608 479 2671 vni
501 2607 656 2684 duntaxat
687 2605 841 2690 magistro
872 2605 998 2670 nouella
1027 2605 1224 2689 questionem
1247 2607 1386 2667 assumat

186 2713 255 2776 siue
279 2712 520 2790 determinabit,
551 2715 583 2776 et
605 2733 669 2776 non
692 2712 813 2776 duobus
836 2734 893 2776 nec
916 2711 1069 2794 pluribus,
1093 2711 1152 2775 sub
1175 2732 1257 2794 pena
1278 2709 1385 2792 priua·

184 2818 283 2882 tionis
314 2819 455 2883 omnium
485 2818 675 2881 birretorum
704 2816 755 2880 vel
784 2816 1005 2900 pecuniarum,
1044 2817 1105 2881 sibi
1135 2816 1172 2880 de
1205 2813 1386 2878 huiusmodi

183 2922 402 3005 questionibus
435 2921 628 2999 cedentium,
659 2920 704 2984 ita
734 2921 816 3003 quod
848 2921 921 2986 talis
952 2922 1120 3006 magister,
1151 2920 1277 3004 penitus
1300 2917 1383 2981 nihil

183 3027 279 3104 leuet,
302 3028 356 3092 sed
378 3032 481 3091 totum
503 3026 663 3091 facultatis
686 3027 761 3091 fisco
784 3027 970 3110 applicetur.

270 3130 313 3195 Et
343 3132 478 3196 decanus
508 3154 545 3196 ex
569 3132 663 3215 officij
687 3132 735 3196 sui
759 3132 866 3196 debito
888 3133 1036 3196 astrictus
1059 3132 1119 3208 sit,
1155 3129 1251 3194 talem
1274 3129 1301 3191 si
1324 3127 1385 3192 sibi

182 3238 399 3316 denuncietur,
423 3239 512 3303 iuxta
534 3238 701 3322 precedens
724 3238 911 3302 conclusum
934 3237 1056 3320 punire.

272 3342 355 3409 ltem
385 3345 532 3431 magistri
564 3366 641 3408 sana
672 3343 865 3408 conscientia
896 3341 1194 3424 retinerepossunt
1217 3336 1382 3422 pecuniam

185 3452 343 3532 receptam
367 3473 386 3514 a
409 3449 543 3515 nouellis
565 3448 728 3534 magistris
752 3471 810 3532 pro
826 3448 999 3532 questione,
1023 3447 1096 3510 licet
1119 3444 1163 3509 eis
1186 3444 1224 3507 ad
1248 3441 1386 3525 questio-

185 3575 258 3617 nem
283 3575 348 3617 non
370 3555 571 3639 respondent.

274 3656 356 3723 Item
384 3660 536 3744 magister
559 3661 701 3725 nouellus
735 3659 854 3725 librum
876 3681 967 3722 suum
991 3657 1121 3724 totalem
1153 3655 1185 3718 in
1220 3653 1385 3738 partialem

184 3763 316 3842 diuidat,
341 3769 373 3829 et
395 3765 512 3830 librum
535 3767 674 3852 primum
699 3767 733 3830 in
755 3769 909 3830 tractatus
933 3787 969 3828 ac
996 3763 1135 3847 primum
1159 3763 1330 3824 tractatum
1353 3757 1386 3820 in

183 3868 333 3952 capitula.
380 3869 456 3934 lude
479 3892 569 3935 suam
591 3877 717 3938 moueat
741 3871 947 3955 questionem,
976 3867 1163 3934 dimittendo
1185 3868 1323 3930 mentem
1345 3863 1386 3928 li-

183 3974 314 4040 brorum
336 3976 529 4060 partialium,
554 3982 749 4043 tractatuum
771 3981 804 4042 et
831 3977 1045 4061 capitulorum
1068 3971 1277 4058 singulorum.

272 4079 353 4146 Item
377 4082 511 4148 decanus
543 4106 598 4168 per
629 4084 791 4168 seipsum
821 4080 1055 4166 magistrandos
1077 4097 1261 4162 promouere
1283 4073 1385 4150 debet,

183 4167 252 4250 nisi
277 4186 425 4252 habuerit
454 4209 641 4253 consensum
671 4187 883 4252 substituendi
907 4185 1026 4264 alium,
1059 4185 1148 4248 iuxta
1169 4179 1386 4245 uniuersitatis

184 4293 426 4358 ordinationem.
882 4307 885 4312 “

274 4395 355 4462 Item
387 4401 522 4464 decanus
552 4403 657 4466 actum
689 4398 898 4484 promotionis
930 4396 1027 4460 faciat
1060 4394 1158 4479 pallio
1187 4390 1284 4456 rubeo
1315 4409 1386 4453 eum

184 4505 304 4592 capicie
327 4506 464 4572 clericali
486 4507 518 4570 et
542 4506 620 4571 alias
644 4506 776 4571 honeste
798 4505 939 4569 vestitus.
