3442 5314
338 423 358 486 g
681 411 705 466 2.
735 408 922 479 Praepositum
940 409 971 464 in
990 408 1188 480 Sindelfingen.

425 574 507 640 Item
536 572 676 658 prodietu
698 568 824 634 Wileha
853 569 966 633 ultimo
998 569 1141 634 vendidit
1172 569 1323 636 Hainrioo
1349 570 1540 657 Imperatori

336 679 558 746 ministeriales
580 679 614 742 in
636 674 839 740 Bemehuseu
862 676 895 737 et
917 672 995 738 alios
1017 696 1129 739 omnes
1149 676 1372 740 ministeriales
1395 677 1479 754 eius,
1504 680 1539 740 vt
1581 665 1587 679 ⁸

338 783 517 872 prouideret
547 783 576 848 ei
602 783 635 846 in
667 778 849 846 necessariis
871 778 1065 862 temporibus
1096 780 1160 845 vite
1192 801 1247 846 sue
1282 803 1354 845 eum
1381 779 1539 846 eentum¹

340 888 491 982 personis,
515 887 614 952 seruis
636 888 669 949 et
689 883 885 949 dominabus.

334 1012 336 1018 ’
424 986 487 1075 tite
509 1029 584 1094 ergo
606 1005 746 1092 predicte
768 1009 801 1070 et
823 1004 995 1089 Welphoni
1017 1004 1135 1069 iuniori
1155 1005 1222 1071 filio
1238 1008 1304 1074 eius
1321 1011 1446 1073 mortuo
1468 1029 1540 1072 eum

337 1116 464 1182 heredes
486 1115 557 1178 veri
578 1136 642 1178 non
665 1112 884 1177 inuenirentur
914 1110 954 1175 nd
976 1109 1203 1194 Imperatorem
1225 1111 1413 1178 Hainrieum
1438 1112 1541 1177 filium

338 1221 455 1286 sororis
477 1217 664 1303 Welphonis
688 1217 821 1280 senioris
844 1216 951 1279 omnin
972 1214 1114 1298 predicta
1139 1218 1171 1278 et
1193 1217 1368 1302 prescripta
1390 1222 1465 1282 sunt
1486 1216 1540 1282 de·

337 1325 454 1390 voluto.
489 1325 556 1389 Hoc
579 1324 731 1389 innonata
753 1321 839 1386 fuere
861 1344 880 1385 a
903 1320 1039 1404 quodam
1063 1318 1207 1383 Conrado
1230 1321 1267 1384 de
1291 1317 1540 1405 Wurmlingen²

338 1430 489 1495 canonino
511 1428 637 1494 eeclesia
660 1427 697 1491 do
719 1425 936 1510 Sindelfingen
959 1423 999 1488 A.
1023 1425 1062 1488 D.
1089 1424 1323 1490 MCCLXXIII.

424 1532 551 1598 Primus
574 1531 753 1616 prepositus
776 1529 839 1593 fuit
862 1528 973 1592 Bnooo
995 1528 1160 1612 prespiter.
1234 1575 1243 1592 .
1312 1571 1318 1582 ·

430 1636 660 1702 Wonunausus
684 1634 839 1723 prespiter
862 1632 1015 1696 secundus
1039 1633 1218 1717 prepositus
1241 1635 1335 1700 huius
1358 1636 1428 1700 loei.

429 1742 620 1807 Feronnrons
643 1740 760 1804 tersius
782 1739 960 1822 prepositus
983 1738 1077 1802 huius
1100 1739 1231 1802 cenobii.

429 1846 674 1912 Gorrnnrnrnus
693 1849 825 1930 quartus
849 1844 1035 1928 prepositus,

426 1953 597 2018 Primanus
621 1951 751 2033 quintus
775 1950 964 2036 prepositus,
990 1949 1044 2033 qui
1067 1949 1132 2012 suit
1155 1949 1240 2014 filius
1263 1950 1421 2015 eomitissa
1436 1950 1541 2016 Lunn-

343 2079 470 2133 nsnors
494 2074 629 2138 quorum
651 2055 881 2137 predecessores
904 2053 986 2116 hano
1009 2052 1173 2116 eeclesiam
1194 2054 1418 2118 {nudauerant

428 2159 642 2224 Annunasros
664 2183 704 2222 on
727 2157 895 2223 Wsnnuon
926 2161 1034 2221 sextus
1056 2158 1245 2241 prepositus.

428 2264 620 2329 Farnnnrous
634 2287 675 2326 on
702 2261 884 2326 Innmnosu
906 2262 1060 2344 septimus
1084 2262 1273 2344 prepositus.

429 2368 598 2434 Coroneus
622 2393 663 2432 os
686 2366 891 2432 Hiranrsnss
928 2371 1056 2430 oetuuus
1079 2367 1267 2449 prepositus.

427 2473 641 2540 Lurrnssous
661 2497 702 2536 me
724 2471 938 2536 Gnnnuruunu
962 2471 1142 2554 prepositus
1158 2491 1264 2534 nonus
1284 2471 1365 2535 rexit
1381 2472 1543 2536 eeclesiam

342 2578 499 2645 istamA.
524 2579 563 2642 D.
587 2575 857 2642 MCCXXXVIII.

427 2733 581 2750 ........
599 2683 778 2767 prepositus
802 2681 940 2745 decimus
965 2680 1132 2743 diotusius
1157 2680 1382 2745 Gossnnruonu.

428 2788 654 2854 Tanonnnrcus
690 2787 868 2851 Insuruonu
890 2786 1081 2849 vndeoimns

429 2889 571 2976 inurens
604 2935 645 2974 on
672 2909 852 2975 cerussae
876 2910 1057 2993 prepositus
1081 2909 1289 2975 duodecimus,

429 3015 596 3081 Oosnnous
621 3041 661 3079 os
680 3013 880 3080 anuunsnn
913 3013 1103 3078 tredecimus
1136 3014 1198 3079 fuit
1229 3015 1396 3079 eanonicus
1418 3013 1546 3080 ecclesie

342 3119 607 3198 Constanoiensis‚
630 3119 750 3205 prefuit
774 3116 812 3181 A.
836 3117 875 3180 Ι).
900 3117 1112 3183 MOCLXXV.

427 3223 614 3291 Hnrunrons
636 3251 676 3290 on
701 3211 910 3288 Hsrarunonn
944 3223 994 3286 illi
1024 3225 1192 3302 sucoessst,
1236 3223 1290 3306 qni
1323 3225 1403 3288 obiit
1434 3226 1472 3288 A.
1504 3225 1543 3288 D.

342 3327 649 3394 MCCLXXXXVII.

433 3433 643 3501 Wnsunnans
676 3459 717 3498 us
745 3433 940 3498 Brennusuu
971 3433 1019 3496 illi
1043 3433 1199 3512 successit,
1223 3435 1302 3499 obiit
1324 3439 1429 3499 sutem
1452 3435 1490 3499 A.
1508 3435 1546 3499 D.

347 3537 590 3605 MCOOXXXII.

430 3660 586 3725 Dominus
601 3637 745 3725 inmens
763 3685 804 3723 ns
835 3659 1057 3724 Wrsrannene
1092 3661 1200 3725 'eodem
1233 3684 1317 3726 anno
1349 3663 1466 3726 electus
1500 3663 1548 3727 illi

345 3765 505 3843 suecessit,
530 3766 585 3849 qui
607 3765 687 3830 obiit
711 3763 749 3828 A.
774 3763 812 3827 D.
837 3762 1090 3828 MCOCXLVIH
1115 3766 1250 3850 septimo
1273 3767 1376 3830 idus..

431 3863 574 3952 inurens
602 3912 643 3950 on
673 3885 874 3950 Grnrnrsonu
907 3891 1017 3970 postea
1047 3888 1182 3966 electus,
1214 3889 1294 3953 obiit
1316 3893 1420 3954 sutem
1444 3887 1482 3952 A.
1507 3888 1546 3952 D.

343 3988 660 4056 MCCCLXXXXVI.

415 4286 427 4339 1
448 4285 527 4341 Aueh
552 4286 597 4341 die
615 4287 688 4342 Mon.
709 4287 800 4342 Germ.
829 4288 903 4342 lesen
928 4305 1025 4354 corsa,
1050 4307 1107 4342 was
1125 4289 1225 4343 koinen
1244 4288 1312 4342 Sina
1331 4289 1401 4358 gibt.
1439 4289 1550 4344 Crusius

343 4373 464 4428 schreibt
484 4374 587 4445 riohtig
604 4382 718 4431 uentum.
807 4379 823 4430 2
843 4377 885 4430 Im
903 4377 993 4430 Freib.
1011 4375 1086 4430 Dios.
1106 4376 1208 4430 Archiv
1229 4379 1251 4439 1,
1270 4377 1304 4430 64
1321 4376 1391 4430 wird
1410 4377 1480 4447 irrig
1499 4397 1549 4433 an·

342 4478 516 4532 genommen,
535 4463 599 4518 dass
617 4481 648 4518 er
668 4465 734 4520 1275
755 4465 855 4520 Probst
873 4481 1000 4535 genesen
1017 4463 1063 4528 sei,
1083 4463 1141 4535 vgl.
1160 4463 1205 4519 die
1224 4462 1310 4518 Reihe
1327 4463 1376 4519 dar
1395 4464 1518 4535 Prtpste.
