3504 5322
346 461 410 526 396
804 458 935 514 Facultes
953 458 1073 514 Artium.

430 618 572 685 Posthaec
603 619 794 685 deducentur
823 617 990 684 Candidati
1020 617 1059 682 ad
1088 617 1127 683 D.
1160 617 1477 684 (lancellarium
1507 620 1540 681 et

344 725 525 791 testimonio
547 727 705 790 communi
728 725 954 811 inquisitorum
978 723 1189 788 commendati
1212 725 1261 788 illi
1284 725 1464 790 offerentur.

430 828 549 906 Quibus
571 831 639 914 ipse
660 830 878 914 publicam
903 827 1240 912 inquisitionem
1261 832 1356 913 atque
1378 827 1539 894 examina·

343 935 462 1000 tionem
485 936 680 1020 prrestituat‚
713 937 752 1001 ad
776 958 870 1020 quam
893 934 1014 1020 singuli
1037 935 1076 998 ab
1100 956 1136 998 eo
1159 913 1357 1000 accersebtur
1379 934 1412 998 in
1436 935 1539 999 locum

344 1045 374 1106 et
396 1045 540 1126 tempus,
574 1041 611 1105 de
634 1064 695 1125 quo
719 1042 789 1106 illos
820 1042 968 1106 certiores
997 1040 1175 1106 reddiderit.
1221 1039 1412 1106 Absoluetur
1434 1045 1539 1106 autem

343 1147 470 1232 publica
492 1148 682 1212 examinatio
706 1148 791 1212 intra
814 1147 879 1212 dies
903 1152 981 1212 octo.
1029 1231 1032 1238 ¹

433 1252 553 1328 Quibus
575 1257 607 1317 et
629 1253 706 1337 ipsis
729 1254 863 1337 peractis
886 1275 956 1318 cum
985 1251 1109 1316 solenni
1140 1251 1301 1317 oblatione
1323 1252 1539 1316 lnunuscu·

343 1359 479 1423 lorum
510 1358 700 1424 delicatioris
730 1381 806 1424 escae
829 1363 923 1442 atque
953 1361 1046 1443 potus
1069 1357 1262 1422 deducentur
1283 1357 1322 1421 ad
1346 1355 1385 1422 D.
1410 1355 1538 1422 Cancel-

343 1463 462 1526 larium
484 1463 535 1528 uel
559 1465 614 1548 qui
635 1464 737 1528 uicem
760 1465 845 1530 illius
867 1467 964 1550 geret,
988 1467 1173 1548 peteturque
1195 1463 1235 1526 ab
1257 1483 1310 1540 en,
1339 1467 1376 1526 ut
1407 1461 1539 1527 honores

342 1566 543 1653 Magistrales
564 1569 629 1633 illis
651 1569 797 1634 decernat
819 1574 851 1634 et
874 1569 1082 1634 ineundorum
1097 1573 1192 1653 atque
1208 1569 1418 1654 gerendorum
1435 1569 1535 1634 lacul-

346 1676 445 1737 tatem
468 1695 553 1738 nunc
574 1675 701 1758 quidem
725 1676 882 1753 concedat,
906 1677 1016 1758 postea
1036 1695 1112 1739 uero
1127 1673 1224 1738 etiam
1247 1674 1372 1759 publice
1396 1673 1539 1739 conferat

342 1781 436 1860 atque
459 1778 603 1844 declaret.

429 1882 690 1952 Munusculornm
714 1890 819 1952 autem
842 1885 969 1950 nomine
985 1885 1123 1970 pendent
1145 1884 1262 1970 singuli
1280 1882 1444 1949 Candidati
1468 1906 1539 1950 crn-

348 1989 445 2054 ciatos
469 1992 664 2076 quindecim,
696 1993 733 2056 de
756 1991 870 2076 quibus
893 1991 1069 2055 insumatur
1092 1991 1126 2054 in
1149 1990 1353 2070 munuscula,
1385 1995 1540 2074 quantum

345 2093 484 2160 Consilio
506 2098 602 2162 studii
625 2099 720 2163 huius
742 2097 961 2164 insumendum
983 2097 1082 2162 fuerit
1103 2097 1225 2174 uisum,
1253 2095 1409 2179 reliquum
1434 2097 1538 2180 inqui·

342 2201 492 2266 sitoribus
516 2203 731 2268 distribuetur.
783 2202 889 2287 Atque
919 2203 964 2267 ita
994 2206 1067 2287 post
1088 2202 1311 2286 inquisitiones
1333 2201 1484 2286 perfectas
1504 2207 1537 2266 et

338 2306 394 2370 ubi
416 2307 477 2372 rite
500 2309 538 2373 ad
562 2308 600 2374 D.
624 2309 852 2374 Cancellarium
874 2308 999 2373 deducti
1030 2307 1172 2384 fuerint,
1206 2307 1364 2393 designati
1388 2307 1534 2392 Magistri

341 2412 380 2478 ad
403 2413 755 2481 Commuuitatem
784 2415 924 2480 studii
954 2414 1113 2478 artium
1143 2412 1353 2495 recipientur,
1385 2412 1536 2496 permissa

341 2517 405 2582 illis
428 2518 579 2586 facultate
594 2521 733 2596 docendi,
757 2520 936 2605 profitendi,
960 2519 1123 2584 exercendi
1138 2520 1237 2584 bonos
1253 2518 1361 2582 literas
1383 2540 1419 2583 ac
1442 2522 1536 2582 artes.

340 2621 439 2706 quue
460 2626 570 2690 stetim
592 2626 664 2704 fiat,
688 2625 750 2692 nisi
773 2626 849 2709 quid
872 2647 1063 2711 magnopere
1085 2625 1263 2705 obstiterit,
1295 2625 1379 2707 quod
1402 2646 1421 2688 a
1444 2624 1537 2690 Com-

341 2729 497 2796 munitate
518 2731 611 2796 huius
633 2732 729 2798 studii
752 2731 987 2817 dijudicabitur.

426 2833 532 2900 Antea
561 2857 655 2920 quarn
677 2837 802 2922 publice
833 2837 1030 2922 magistrales
1053 2835 1256 2900 conferantur
1280 2833 1454 2918 designatis
1477 2831 1537 2896 ho-

340 2962 442 3018 nores,
467 2943 654 3025 promittent
677 2943 796 3029 singuli
818 2942 1029 3009 reuerentiam
1051 2944 1083 3005 et
1109 2939 1388 3025 morigerationem
1410 2936 1538 3004 Decano

339 3049 371 3110 et
394 3045 464 3110 aliis
487 3045 649 3131 Magistris
672 3047 767 3112 studii
790 3048 906 3112 artium
929 3069 961 3112 se
979 3048 1194 3131 praestituros:
1218 3045 1301 3127 quod
1318 3043 1437 3109 bonum
1459 3064 1534 3126 pos-

340 3151 406 3216 sint
434 3150 663 3217 Communitati
691 3152 788 3218 studii
816 3154 933 3218 artium
962 3151 1183 3218 conciliaturus
1212 3149 1332 3214 malum
1361 3167 1539 3224 auersuros,

340 3256 424 3341 apud
447 3256 609 3322 Decannm
631 3261 759 3324 uocatos
789 3281 822 3324 se
844 3258 1043 3343 appariturus
1072 3257 1110 3322 ad
1140 3255 1363 3321 tractationem
1386 3253 1432 3318 rei
1455 3254 1538 3338 pub-

340 3361 417 3426 licae.
462 3361 548 3428 l'nire
570 3368 602 3428 et
624 3385 782 3449 capessere
804 3387 838 3429 sc
860 3365 941 3428 uelle
963 3364 1096 3429 honores
1112 3360 1311 3446 magistrales
1328 3361 1392 3424 ritu
1415 3359 1540 3423 solenni

340 3467 497 3551 praefinito
519 3491 539 3532 a
554 3467 692 3534 Consilio
716 3469 811 3534 studii
837 3471 954 3534 artium
977 3469 1027 3533 die
1050 3472 1082 3533 et
1097 3469 1173 3543 loco,
1198 3465 1366 3550 persolutis
1390 3462 1538 3528 omnibus

230 3661 232 3666 λ
341 3572 492 3657 impensis
523 3578 553 3640 et
584 3576 763 3660 sumptibus
794 3575 831 3640 de
863 3595 949 3640 more
972 3573 1096 3639 debitis
1142 3571 1186 3636 Hi
1210 3571 1385 3636 consumati
1408 3568 1538 3634 florines

341 3678 466 3743 circiter
496 3679 656 3745 duodecim
680 3680 867 3759 conficiunt,
897 3680 947 3744 his
970 3681 1169 3765 potissimum
1193 3676 1374 3742 nominibus
1397 3697 1466 3760 quoe
1489 3696 1538 3739 se·

341 3790 502 3867 quuntur:

427 3891 517 3957 Fisco
529 3891 624 3957 Vniu.
649 3891 762 3957 scholoe
783 3889 877 3955 huius
900 3889 1065 3954 dimidium
1080 3887 1186 3952 florini
1203 3886 1340 3952 soluitur
1355 3909 1374 3950 a
1388 3883 1532 3970 singulis.

425 3996 516 4062 Fiscc
539 3996 701 4061 facultatis
722 3997 828 4062 florini
850 3997 922 4061 duo.

425 4102 553 4168 Rectori
576 4101 671 4166 Vniu.
696 4102 810 4167 scholae
833 4101 926 4167 huius
949 4101 1080 4167 cruciati
1104 4099 1160 4166 XL

426 4207 587 4294 Magistris
610 4205 742 4294 Collegii
773 4208 1007 4274 contubernalis
1038 4207 1247 4292 praesidentiae
1276 4203 1404 4269 nomine
1431 4201 1536 4268 florini

340 4316 410 4380 duo.

424 4421 643 4506 Impensarum
658 4421 786 4486 nomine
801 4422 834 4486 in
850 4419 1115 4486 examinationem
1134 4420 1291 4505 priuatam
1304 4416 1434 4482 florinus
1445 4435 1535 4479 unus.

429 4527 468 4592 In
491 4526 652 4610 publicum
675 4527 804 4594 cruciati
827 4525 897 4592 XV.
