3504 5322
345 437 408 504 392
802 434 932 490 Facultas
950 433 1070 488 Artium.

346 596 578 662 animaduersio
601 595 725 661 consilii
747 597 823 660 esto.
869 593 945 658 Haec
960 595 1067 660 tamen
1085 598 1240 679 qnatenus
1256 596 1381 679 proprie
1396 597 1446 660 ed·
1458 598 1541 661 solos

344 703 437 768 huius
459 701 573 768 scholae
594 702 749 766 studiosos
770 700 943 785 pertinent,
966 722 1037 764 cum
1059 701 1216 766 seueriore
1237 702 1322 768 iusto
1345 702 1445 767 videri
1467 724 1540 788 pos·

344 808 420 888 sint,
443 807 656 874 moderatione
679 806 814 892 quadam
836 805 953 872 molliri
974 806 1088 884 solent,
1111 810 1147 871 ut
1169 811 1276 892 postea
1298 807 1428 873 dicetur.

409 1035 464 1101 De
486 1038 677 1121 tempore
699 1055 744 1099 ac
765 1033 939 1099 ratione
960 1033 1236 1117 petendorum
1259 1034 1467 1102 honorum.

424 1229 573 1306 ,Quatuor
595 1227 672 1293 anni
694 1228 888 1314 temporibus
910 1225 1185 1294 Baccalaurei
1207 1229 1299 1308 finnt,
1322 1230 1362 1294 ad
1377 1229 1459 1296 XIII
1474 1230 1540 1296 Cel.

344 1335 463 1416 Martii,
497 1333 536 1398 ad
552 1331 651 1399 XIIII
662 1334 726 1399 Gal.
744 1331 844 1410 Iunii,
859 1332 900 1396 ed
915 1331 989 1396 Idus
1005 1330 1102 1417 Sept,
1125 1333 1163 1398 ad
1180 1333 1293 1399 XVIII
1307 1334 1371 1400 Cal.
1388 1335 1542 1401 Januarii.

349 1443 409 1507 His
422 1441 522 1526 igitur
533 1439 727 1524 temporibus
740 1438 868 1504 comitia
880 1437 1166 1524 promulgabuntur
1176 1439 1263 1504 feriis
1275 1441 1470 1525 propinquis,
1486 1463 1544 1526 pro

348 1570 384 1613 ec
407 1551 502 1630 atque
524 1549 617 1610 antea
638 1543 820 1609 factitatum
843 1548 891 1608 est
920 1565 1016 1608 more.
1061 1543 1145 1614 Tum
1175 1545 1275 1631 igitur
1297 1543 1461 1612 candidari
1485 1567 1542 1612 no·

348 1653 438 1717 mina
460 1673 517 1716 sua
539 1651 622 1735 apud
645 1648 806 1715 Decannm
830 1649 1071 1733 profitebuntur,
1095 1649 1150 1733 qui
1165 1651 1408 1735 vniusauinsqne
1428 1673 1544 1717 nomen

351 1755 483 1841 recipiet
505 1761 537 1821 et
553 1756 672 1841 referet
694 1756 727 1820 in
745 1753 864 1819 Album
886 1777 987 1820 snum.
1034 1753 1103 1830 Quo
1117 1755 1201 1821 iacto
1216 1757 1383 1823 consilium
1398 1757 1544 1823 Decanus

352 1861 539 1927 conuocabit
553 1860 781 1947 Magistrorum
804 1858 897 1924 huius
920 1859 1016 1924 studii
1039 1861 1070 1924 et
1088 1860 1300 1945 professorum
1324 1863 1408 1948 apud
1431 1886 1464 1929 se
1485 1885 1543 1928 nc·

352 1967 440 2031 mina
462 1966 617 2044 recitcbIt,
643 1965 697 2050 qui
720 1971 752 2030 et
774 1964 835 2049 ipsi
858 1969 932 2030 ante
955 1965 1031 2030 iussi
1055 1967 1161 2032 adesse
1176 1971 1244 2033 tum
1260 1970 1467 2056 apparebunt.
1502 1969 1545 2034 Et

348 2072 487 2157 primum
517 2070 701 2137 solemniter
731 2069 921 2155 promittent
951 2069 1095 2150 Decano,
1130 2094 1162 2137 se
1192 2074 1231 2138 ad
1260 2073 1456 2161 interrogata
1485 2096 1542 2159 pro

348 2177 541 2242 conscientie
563 2196 620 2240 sua
642 2178 674 2239 et
696 2175 829 2240 ueritate
852 2196 1056 2261 responsuros
1087 2199 1162 2244 esse.
1208 2178 1409 2267 Interrogata
1437 2183 1539 2244 eutem

347 2287 441 2348 erunt
462 2283 500 2348 de
521 2282 561 2347 iis
582 2282 675 2346 rebus
697 2280 915 2366 potissimum,
946 2303 1024 2366 quas
1047 2305 1096 2348 res
1118 2283 1221 2350 facere
1242 2306 1294 2350 eos
1317 2285 1472 2370 oportuit,
1494 2285 1540 2349 ita

346 2393 382 2453 ut
404 2388 543 2454 subiecta
564 2391 648 2452 sunt.

432 2491 485 2556 An
507 2492 604 2558 studii
633 2491 682 2556 sui
711 2495 836 2577 tempus
866 2492 1046 2578 legitimum
1075 2496 1298 2580 compleuerit,
1331 2479 1427 2581 soqire
1449 2497 1538 2562 testi·

348 2598 464 2663 moniis
487 2598 546 2662 hoc
568 2598 794 2684 magistrorum
816 2619 948 2663 suorum
973 2597 1103 2682 planum
1125 2599 1283 2668 facturum
1306 2623 1371 2667 esse
1393 2602 1541 2668 confidat.

350 2704 487 2788 Tempus
510 2706 615 2767 autern
639 2701 698 2766 hoc
721 2701 852 2767 ducetur
873 2702 913 2768 ab
937 2723 973 2767 eo
994 2703 1060 2782 die,
1095 2727 1157 2789 quo
1180 2708 1213 2772 in
1236 2707 1355 2773 Album
1378 2707 1543 2774 Vniuersi·

348 2809 425 2874 tatis
447 2808 541 2873 huius
564 2808 680 2882 scholae
701 2829 817 2872 nomen
840 2808 972 2874 alicuius
994 2808 1092 2875 fuerit
1114 2811 1311 2896 inscriptum.

434 2913 486 2978 An
520 2913 787 2998 disputationibus
819 2915 955 3000 triginta
988 2915 1167 2982 interfuerit
1201 2940 1272 2983 cum
1303 2919 1479 2985 attentione
1512 2925 1545 2984 et

347 3019 486 3084 discendi
509 3019 672 3085 uoluntate
694 3040 759 3083 non
782 3019 885 3084 solnm
909 3020 1204 3101 Baeculaureorum,
1236 3024 1289 3088 sed
1320 3025 1419 3090 etiam
1441 3023 1544 3111 Magi·

347 3130 502 3202 strornm;
527 3127 665 3210 itemque
686 3147 726 3190 an
749 3125 885 3212 triginta
906 3127 1054 3192 materias
1077 3127 1238 3214 scripserit
1253 3133 1285 3194 et
1299 3129 1423 3214 publice
1438 3151 1544 3196 emcn-

348 3229 466 3296 dandas
489 3230 648 3295 obtulerit.

436 3336 488 3401 An
511 3357 581 3419 quae
604 3334 747 3400 debuerit
768 3335 933 3423 Magistris
956 3337 1021 3403 suis
1044 3342 1100 3403 aut
1122 3339 1322 3404 contubernii
1337 3340 1545 3419 curatoribus,

349 3445 488 3526 itemque
510 3441 666 3506 mercedes
689 3439 897 3508 habitationis
920 3443 1117 3528 persoluerit.
1164 3443 1249 3510 Nam
1264 3445 1291 3509 si
1306 3445 1377 3528 quis
1400 3445 1459 3511 hoc
1480 3447 1545 3511 cal-

348 3549 411 3613 lide
434 3551 488 3612 aut
512 3549 658 3631 proterne
680 3547 830 3627 omiserit,
855 3549 895 3612 ab
917 3549 1072 3614 honorum
1094 3550 1247 3632 petitione
1268 3550 1438 3634 repellitor.
1477 3549 1545 3616 (iae-

350 3658 455 3718 terum
487 3653 630 3719 Decanus
663 3657 737 3717 ante
770 3653 829 3719 hoc
871 3659 994 3739 tempus
1028 3655 1188 3721 admoneri
1216 3677 1324 3720 omnes
1358 3654 1416 3720 hac
1446 3655 1484 3721 de
1512 3677 1548 3721 re

351 3762 469 3823 curato.

435 3862 488 3928 An
511 3867 622 3948 quater
645 3865 678 3929 in
702 3864 970 3949 disputationibus
995 3865 1273 3932 Baccalaureorum
1298 3866 1449 3931 assederit
1471 3887 1546 3951 pro-

348 3971 507 4054 pugnator
529 3971 562 4034 et
586 3969 730 4035 defensor
751 3972 986 4056 propositorum
1010 3973 1151 4058 capitum
1175 3972 1408 4058 disputationis.

435 4073 495 4150 Qui
512 4073 757 4160 Magisterii
780 4076 915 4141 honores
937 4081 1044 4161 petere
1066 4078 1176 4142 uolent
1195 4077 1343 4142 similiter
1364 4077 1543 4164 interroga·

352 4180 482 4258 buntur,
506 4179 560 4244 sed
582 4181 753 4246 secundum
775 4182 1006 4268 interrogatum
1028 4182 1075 4248 ita
1097 4183 1302 4248 informetur:

441 4283 493 4348 An
517 4284 784 4370 disputationibus
806 4288 941 4372 triginta
963 4287 1188 4374 Magistrorum
1212 4290 1333 4354 attente
1354 4290 1386 4352 et
1409 4288 1546 4354 discendi

348 4391 514 4456 uoluntate
542 4391 723 4456 interfuerit
755 4397 788 4458 et
815 4393 949 4476 scriptas
979 4393 1127 4458 materias
1158 4393 1368 4480 quadraginta
1395 4393 1547 4458 obtulerit

349 4494 475 4581 publice
496 4496 682 4562 recitandas.
736 4496 769 4562 Si
800 4501 907 4564 tamen
937 4497 997 4564 hoo
1027 4498 1211 4578 exercitium
1234 4499 1273 4564 ad
1295 4497 1545 4564 Declamationes
