3460 5314
599 456 714 510 statuta
734 457 800 511 nu
813 474 840 509 u.
860 457 936 511 1505.
1301 461 1364 526 339

165 612 321 676 exercitiis
343 612 516 678 secundum
540 635 633 678 suurn
659 617 795 694 statum,
818 618 853 678 vt
876 614 1064 698 premissum
1087 619 1144 694 est,
1167 640 1186 681 a
1208 617 1365 702 principio

166 737 263 800 usque
285 718 325 782 ad
347 718 462 796 finem,
497 724 528 784 et
552 718 612 783 hoc
635 741 672 784 er
697 721 826 805 proprio
848 719 897 783 vel
921 719 1024 784 alieno
1046 723 1153 798 textu,
1181 721 1227 785 ita
1248 725 1365 800 tamen,

167 821 247 903 quod
270 823 434 888 audientes
458 845 496 886 ex
519 846 581 888 vno
606 829 696 890 textu
719 847 885 889 numerum
917 825 1090 890 ternarium
1119 849 1181 890 non
1205 829 1364 892 excedant.

166 923 330 992 lectiones
365 945 489 1014 quoque
513 933 544 994 et
566 931 716 995 exercitia
739 931 900 1016 neglecta,
931 934 963 996 et
986 931 1019 994 in
1042 931 1156 1015 quibus
1180 931 1367 998 insolencias

98 1222 103 1230 Ι
166 1137 364 1220 acquiratur,
396 1161 499 1224 neque
529 1161 587 1223 pro
617 1139 686 1223 ipso
717 1140 827 1205 taliter
855 1161 1007 1225 suspenso
1029 1141 1217 1206 rniuersitas
1241 1162 1367 1225 quoquo

166 1241 258 1306 modo
281 1264 314 1307 se
336 1243 543 1321 intromittat,
567 1244 783 1329 suspensionis
805 1267 921 1330 penam
944 1243 1122 1321 relaxando,
1148 1243 1246 1309 donec
1267 1243 1367 1308 facul·

168 1349 215 1410 tas
238 1347 367 1412 duxerit
389 1369 494 1413 secum
518 1349 763 1432 dispensandum
787 1350 973 1435 pluralitate
995 1355 1149 1429 votorum,
1174 1350 1292 1433 absque
1314 1350 1368 1412 de-

166 1453 236 1516 cani
258 1457 341 1518 vote.

254 1558 340 1622 Talis
370 1563 475 1623 autem
505 1559 678 1644 disputatio
710 1559 855 1642 deinceps
890 1559 1032 1642 quelibet
1067 1559 1244 1644 septimana
1274 1558 1368 1621 semel

168 1663 405 1728 sabbatina
428 1664 495 1729 die
517 1665 583 1741 fiat,
607 1666 640 1728 in
657 1687 719 1748 qua
735 1665 880 1740 decanus,
905 1664 1034 1729 cuilibet
1049 1662 1291 1746 disputantium,
1314 1682 1370 1724 suo

169 1767 278 1832 ordine
300 1775 436 1852 quatuor
459 1769 602 1834 denarios
626 1769 783 1846 restituat,
812 1768 909 1854 duplo
931 1790 1054 1853 semper
1077 1769 1193 1834 decano
1214 1771 1247 1832 et
1269 1767 1369 1851 presi·

169 1872 255 1938 denti
277 1874 415 1939 cedente.

255 1974 389 2062 Insuper
412 1976 516 2061 quiuis
539 1978 691 2062 magister
714 1977 779 2041 suis
802 1978 870 2042 loco
893 1981 926 2042 et
948 1976 1057 2041 ordine
1079 1998 1135 2061 per
1160 1997 1192 2041 se
1214 1975 1370 2060 presidere

171 2085 324 2146 teneatur.

258 2185 340 2251 Item
370 2186 398 2250 si
431 2187 502 2270 quis
532 2186 759 2272 magistrorum
790 2188 946 2271 presidere
969 2210 1033 2253 non
1055 2188 1172 2271 possit,
1206 2188 1237 2252 ls
1261 2210 1318 2273 per
1339 2209 1372 2253 se

174 2291 325 2355 decanum
357 2291 484 2355 accedat
513 2313 638 2356 causam
669 2292 880 2377 allegaturus,
913 2315 968 2358 cur
991 2294 1148 2376 presidere
1170 2315 1235 2356 non
1257 2294 1370 2370 valeat,

172 2419 232 2480 que
256 2396 368 2461 deinde
390 2418 501 2474 causa,
531 2397 558 2460 si
581 2397 696 2461 decano
727 2404 758 2462 et
781 2398 846 2461 suis
875 2397 1062 2461 consiliariis
1084 2397 1282 2462 rationabilis
1305 2399 1372 2462 visa

172 2499 280 2578 fuerit,
304 2501 496 2585 approbetur
519 2522 555 2565 ac
577 2523 633 2585 per
655 2501 807 2566 decanum
829 2503 867 2566 de
882 2501 944 2566 alic
959 2501 1141 2586 disputante
1157 2502 1371 2587 prouideatur,

176 2625 234 2668 nee
255 2603 329 2668 talis
351 2605 504 2690 magister
533 2606 572 2670 ad
594 2607 817 2690 presidendum
853 2607 1033 2671 admonitus
1059 2629 1116 2690 per
1138 2607 1296 2692 pedalium
1317 2610 1374 2671 aut

172 2708 312 2774 cedulam
343 2710 465 2793 pedello
497 2711 648 2776 traditam
677 2735 710 2776 se
732 2733 808 2797 erga
840 2714 1008 2792 decanum,
1043 2734 1098 2778 cur
1129 2711 1285 2797 presidere
1307 2734 1370 2776 non

174 2813 283 2897 pessit,
308 2818 443 2894 excuset,
469 2838 525 2880 nec
547 2818 613 2901 ipse
636 2817 776 2900 pedellus
792 2819 889 2883 talem
904 2819 1136 2883 exeusationem
1160 2819 1199 2881 ad
1221 2817 1372 2882 decanum

173 2918 292 2982 referre
314 2926 483 3004 presumat,
508 2921 567 2986 sub
589 2945 671 3005 pene
694 2945 750 3006 per
779 2923 964 2988 facultatem
987 2922 1180 2986 arbitranda.

262 3025 344 3090 Item
367 3028 520 3112 magister
542 3027 650 3092 volens
673 3029 816 3111 profiteri
833 3029 967 3112 accipiat
989 3027 1236 3112 questiones
1258 3031 1297 3092 et
1319 3047 1373 3090 so·

175 3129 390 3213 phismata
412 3153 468 3215 pro
485 3133 657 3215 capacitate
672 3134 932 3218 respondentium
947 3138 978 3197 et
1000 3132 1180 3197 huiusmodi
1196 3131 1374 3214 questiones

176 3241 207 3299 et
228 3235 424 3320 sophismata
445 3237 523 3321 ipsis
546 3238 811 3323 respondentibus
834 3260 890 3322 per
913 3238 1053 3303 triduum
1084 3242 1157 3300 ante
1186 3235 1374 3319 disputatio·

173 3362 244 3405 nem
268 3340 426 3406 declarare
449 3346 574 3406 etcum
597 3343 641 3406 eis
665 3342 828 3426 disputare
851 3347 1013 3420 teneatur,
1045 3342 1133 3406 iuxta
1156 3340 1373 3406 uniuersitatis

175 3450 344 3510 statutum.

263 3549 348 3616 ltem
370 3552 516 3638 magistri
538 3553 656 3618 artium
679 3553 712 3616 in
735 3553 848 3638 hyeme
871 3553 971 3616 hora
994 3550 1191 3634 septima,
1218 3549 1251 3612 in
1275 3552 1375 3612 estate

174 3678 246 3720 vero
268 3653 371 3720 bora
393 3661 510 3721 sexta
532 3658 782 3742 disputationem
804 3659 922 3721 artium
945 3657 1117 3740 incipiant,
1152 3656 1185 3718 in
1209 3655 1297 3720 euius
1320 3675 1374 3717 ex·

175 3761 262 3826 ordio
284 3783 341 3845 per
364 3761 523 3848 integram
546 3763 657 3827 horam
680 3763 834 3848 magister
857 3763 1019 3846 presidens
1034 3759 1297 3846 respondentibus
1320 3780 1376 3842 po·

175 3867 305 3930 sitiones
328 3888 502 3950 proponere
525 3867 682 3931 declarare
705 3872 736 3931 et
759 3889 830 3931 cum
853 3867 930 3951 ipsis
963 3867 1123 3951 disputare
1153 3865 1301 3930 astrictus
1323 3864 1376 3941 sit,

176 3972 233 4035 sub
256 3993 339 4057 pena
361 3972 550 4056 priuationis
573 3973 811 4056 presentiarum.

266 4075 411 4141 Pedellus
434 4099 559 4160 quoque
581 4099 675 4162 super
697 4099 733 4141 eo
756 4077 890 4162 vigilare
911 4081 944 4142 et
967 4078 1046 4142 tales
1080 4075 1294 4162 negligentias
1318 4075 1372 4140 de·

178 4204 254 4247 cano
275 4183 473 4259 denunciare,
497 4182 555 4247 sub
581 4204 663 4267 pena
685 4182 874 4267 priuationis
897 4182 1065 4265 presentie,
1088 4185 1242 4248 teneatur.

265 4286 441 4351 Statuimus
464 4287 607 4372 denique,
632 4287 715 4370 quod
736 4287 837 4370 quoad
853 4291 1138 4372 supramemoratas
1152 4307 1250 4368 penas
1273 4291 1377 4350 trans-

177 4392 372 4478 gressoribus
396 4392 594 4477 infligendas,
619 4393 734 4456 autad
758 4392 980 4456 declarandum
1004 4413 1055 4456 eos
1079 4389 1258 4456 huiusmodi
1280 4411 1377 4473 penas

177 4496 345 4562 incurrisse
368 4497 535 4562 iudices
557 4498 705 4575 existant,
730 4498 911 4561 decanus
934 4497 992 4562 fac.
1011 4521 1038 4562 a.
1063 4499 1118 4560 aut
1132 4496 1232 4560 ricem
1256 4499 1377 4575 tenens,

1116 4598 1172 4653 22*
