3464 5318
480 456 522 509 23.
547 453 718 521 hastellung
735 452 782 506 des
800 451 886 507 Jacob
904 451 990 522 Lamp
1011 452 1086 508 1509.
1316 457 1377 520 113

750 683 809 755 23.

402 861 628 954 Austellung
656 859 718 933 des
745 857 863 932 Jacob
892 856 1005 952 Lemp
1039 857 1146 932 1509.

271 1034 307 1098 A.
333 1033 371 1099 l).
398 1039 480 1100 1509
511 1035 649 1100 secunda
678 1033 729 1099 die
751 1032 793 1097 M.
819 1031 1012 1116 Septembris
1044 1032 1106 1096 fuit
1130 1035 1300 1098 conductus
1323 1032 1377 1098 In·

184 1139 286 1224 signis
309 1139 358 1204 vir
372 1140 511 1205 Jaconus
534 1138 624 1204 haar
647 1160 807 1204 sacrorum
830 1157 986 1202 canonum
1010 1143 1105 1221 atquc
1127 1139 1285 1225 theologie
1308 1141 1378 1204 doc·

182 1249 233 1308 tor
256 1245 296 1310 ab
318 1245 382 1309 illis
405 1267 538 1329 quorum
555 1246 688 1310 interest
710 1245 743 1308 in
758 1244 862 1308 locum
886 1245 991 1327 quarti
1013 1243 1154 1329 theologi
1175 1244 1225 1308 vie
1248 1244 1378 1308 realium

184 1351 223 1414 ad
247 1351 415 1414 secundam
444 1350 598 1416 lecturam
627 1350 791 1435 theologie
816 1351 865 1414 vie
895 1373 950 1414 sue
977 1351 1070 1415 modo
1092 1355 1124 1416 et
1146 1351 1248 1416 forma
1271 1354 1307 1414 nt
1330 1371 1378 1413 se·

183 1455 310 1538 quitur,
340 1455 459 1520 scilicet
489 1460 525 1521 ut
546 1457 613 1541 ipse
636 1456 721 1520 ultra
750 1477 836 1520 suam
861 1455 1101 1521 conductionem
1130 1457 1294 1539 antiquam
1318 1476 1379 1538 qua

182 1559 353 1624 conductus
376 1565 424 1624 est
447 1583 506 1646 pro
528 1565 656 1626 centum
677 1561 868 1626 florenorum
891 1560 1049 1644 stipendio
1079 1561 1147 1626 loco
1170 1559 1209 1624 D.
1235 1558 1378 1625 Caunum

182 1664 379 1730 Susannam
428 1665 510 1730 bone
539 1666 689 1731 memorie
712 1667 806 1730 etiam
823 1665 986 1751 providere
1001 1665 1112 1731 debeat
1128 1665 1295 1731 secundam
1318 1664 1380 1729 lec·

183 1775 288 1834 turam
316 1770 365 1834 vie
387 1791 442 1834 sue
464 1791 522 1854 pro
546 1773 780 1857 quinquaginta
793 1772 920 1835 florenis
931 1772 1022 1854 juxta
1038 1772 1230 1836 mentionem
1253 1775 1285 1834 et
1307 1791 1381 1834 con·

184 1874 354 1939 tinentiam
380 1874 545 1940 literarum
568 1876 617 1940 Ill.
642 1877 799 1961 Principis
822 1877 932 1954 nostri,
956 1899 1089 1961 quarum
1116 1882 1206 1942 tenor
1228 1875 1313 1940 infra
1335 1882 1382 1939 te·

184 1985 279 2044 netur
303 1978 364 2044 hoc
385 1981 514 2064 adjecto,
538 1987 575 2046 ut
596 1983 729 2047 durante
751 1983 808 2046 illa
830 1982 1036 2048 conductione
1067 1981 1105 2046 ad
1129 1981 1294 2046 secundam
1318 1981 1380 2044 lec·

184 2090 289 2150 turam
312 2086 378 2170 ipse
407 2087 475 2151 loco
498 2089 624 2152 secundi
641 2088 780 2173 theologi
799 2089 846 2152 vie
861 2110 915 2152 sue
938 2087 1246 2172 superintendentem
1270 2085 1384 2150 habeat

184 2191 334 2255 eximium
367 2191 541 2257 dominium
573 2192 611 2258 D.
644 2194 767 2258 Orsene
801 2193 990 2258 l'oansrnan
1022 2214 1060 2256 ex
1083 2191 1223 2257 Kirchen
1255 2193 1293 2257 ad
1325 2192 1383 2256 hoc

185 2297 366 2361 ordinatum
387 2301 418 2361 et
443 2297 637 2382 deputatum,
662 2300 717 2382 qni
733 2298 826 2362 etiam
844 2298 1053 2362 celebrandris
1070 2297 1284 2374 electionibus,
1309 2296 1380 2380 qui-

185 2402 245 2465 bus
267 2402 418 2466 secundus
441 2402 607 2488 theologus
631 2403 679 2466 uie
701 2423 754 2466 sue
776 2403 928 2466 interesse
943 2407 974 2466 et
996 2423 1101 2467 vocem
1125 2407 1263 2486 prestare
1284 2401 1381 2465 habe·

146 2553 152 2562 .
186 2511 243 2583 ret,
267 2506 336 2572 loco
358 2507 444 2571 illius
465 2507 566 2571 dictus
583 2505 620 2570 D.
638 2505 756 2591 Gespar
778 2507 894 2572 eisdem
912 2508 1062 2572 interesse
1076 2512 1229 2572 atrocem
1245 2511 1384 2592 prestare

185 2611 324 2688 debebit,
349 2611 376 2675 si
397 2615 504 2676 tamen
522 2612 599 2676 alias
614 2633 651 2676 ex
666 2634 723 2676 sua
744 2613 951 2678 conductione
974 2613 1032 2678 hoc
1055 2613 1114 2678 sibi
1138 2635 1201 2677 non
1216 2615 1383 2696 competat,

187 2715 329 2800 alioquin
353 2717 408 2780 ubi
431 2718 497 2801 ipse
520 2716 598 2781 alias
620 2716 751 2781 haberet
772 2717 940 2794 interesse,
973 2721 1049 2782 tnnc
1078 2739 1113 2782 eo
1137 2739 1209 2782 casu
1232 2717 1385 2782 secundus

185 2820 354 2906 theologus
376 2821 425 2886 vie
447 2821 595 2886 moderna
618 2822 702 2886 exire
717 2821 856 2900 habebit,
880 2824 926 2887 ita
942 2823 1024 2906 qnod
1039 2827 1115 2889 tunc
1138 2823 1303 2888 dumtaxat
1324 2823 1385 2887 duo

187 2926 288 2992 assint
311 2925 462 3012 theologi,
485 2927 522 2993 de
547 2927 688 3011 qualibet
710 2927 762 2991 via
782 2949 873 3007 uuus,
899 2949 1034 3012 quorum
1056 2934 1130 2993 vota
1152 2930 1383 3013 computentur,

187 3035 219 3096 at
242 3033 325 3096 idem
347 3031 506 3098 observari
537 3033 569 3097 in
601 3033 877 3098 convocationibus
911 3035 1207 3099 attractationibus
1230 3025 1384 3097 uniuersi·

187 3137 274 3214 tutis,
300 3137 354 3200 ubi
377 3138 504 3222 negotia
525 3142 722 3214 tractantur,
757 3159 818 3220 que
840 3140 906 3202 vias
929 3137 1131 3222 respicerent,
1154 3142 1190 3201 ut
1214 3137 1295 3201 sicut
1317 3138 1385 3200 ine·

188 3241 325 3325 qualitas
347 3242 467 3306 occasio
490 3243 595 3307 litium
620 3249 652 3306 et
674 3243 903 3327 turpationum,
928 3243 974 3307 ita
988 3243 1142 3326 equalitas
1158 3242 1243 3327 pacis
1266 3242 1309 3306 sit
1330 3264 1385 3306 vo·
1426 3307 1428 3312 ,

188 3347 251 3410 trix
276 3345 284 3383 ¹
307 3351 339 3411 et
362 3348 507 3412 amicitie.

275 3451 400 3518 Obtulit
422 3475 454 3516 se
477 3453 611 3537 denique
634 3454 774 3538 prefatus
799 3453 943 3517 dominus
967 3451 1006 3517 D.
1029 3453 1182 3529 Jacobus,
1207 3458 1243 3517 ut
1265 3454 1292 3517 si
1314 3475 1385 3517 enm

194 3557 329 3621 durante
352 3559 407 3622 illa
429 3559 636 3623 conductione
666 3561 705 3624 ad
738 3560 906 3624 secundam
929 3559 1080 3623 lecturam
1103 3557 1290 3622 infirmitate
1312 3579 1385 3642 gra-

188 3685 263 3726 vare
286 3664 474 3747 contigerit,
507 3669 637 3748 propter
661 3687 754 3749 quam
779 3666 861 3730 dicte
883 3665 1010 3729 lectioni
1034 3685 1157 3747 preesse
1179 3663 1309 3726 minime
1332 3685 1385 3726 va·

187 3768 277 3844 leret,
302 3768 383 3850 quod
405 3772 482 3832 tunc
506 3769 749 3854 quinquaginta,
774 3793 852 3854 qnos
874 3771 1035 3834 occasione
1058 3767 1191 3832 secunde
1213 3769 1330 3832 lecture
1353 3767 1386 3829 in

188 3872 349 3956 theologia
372 3872 510 3948 haberet,
535 3873 617 3938 nihil
639 3876 766 3958 penitus
789 3877 892 3940 levare
914 3875 1000 3940 velit.
1056 3873 1114 3938 Sed
1138 3872 1257 3957 placuit
1280 3872 1327 3935 illi
1350 3875 1387 3935 ut

189 3977 223 4040 in
247 3980 393 4041 eventum
417 3977 512 4040 talem
536 3977 591 4041 isti
615 3979 849 4064 quinquaginta
877 3979 933 4042 uni
964 3979 1055 4043 alteri
1079 3979 1116 4043 de
1138 4001 1194 4042 sua
1216 3977 1266 4042 via
1287 3976 1386 4061 assig-

188 4085 306 4145 nentur
337 4081 456 4145 doctori
478 4075 535 4146 'rel
563 4083 744 4161 licentiato,
778 4084 832 4168 qui
857 4084 930 4149 huic
960 4084 1077 4148 lecture
1108 4084 1206 4168 presit
1229 4084 1257 4146 si
1279 4082 1387 4147 haberi

190 4189 305 4271 potest,
329 4187 412 4269 quod
435 4185 461 4248 si
484 4186 557 4250 talis
580 4185 689 4252 haberi
705 4209 769 4252 non
786 4192 900 4272 posset,
925 4191 1064 4252 attamen
1082 4187 1314 4252 Baccalaureus.
1328 4186 1386 4250 ali-

190 4291 262 4375 quis
286 4291 319 4354 in
344 4289 504 4378 theologia
536 4292 585 4357 vel
618 4294 769 4378 magister
791 4293 840 4356 vie
861 4315 934 4371 sue,
967 4315 1059 4376 quem
1090 4295 1156 4377 ipse
1179 4293 1216 4356 ad
1240 4293 1298 4356 hoc
1320 4292 1387 4355 ido-

190 4437 397 4448 --—--..-.

265 4519 276 4572 l
298 4515 390 4572 lotn'x.

242 4625 372 4666 Urkunden
386 4627 428 4666 der
443 4626 471 4668 U.
486 4625 616 4677 Tablngon.
1163 4608 1180 4664 8
